3238 4994
781 433 983 495 „pg-

297 611 406 675 monio
429 615 478 675 est
499 615 700 694 quantopere
722 611 774 674 liis
797 615 828 674 et
851 612 890 674 iis
912 611 994 674 inter
1009 632 1043 675 se
1059 614 1282 694 responderint
1305 632 1342 675 ac
1365 631 1469 692 paone

298 711 389 793 quasi
412 710 623 776 cohaeserint.

380 810 529 875 Ceterum
554 811 651 875 etiarn
675 811 737 875 trac
759 811 799 874 de
822 830 920 874 causa
948 810 1111 891 aptissime
1132 811 1202 873 ibus
1225 815 1256 874 et
1277 810 1370 872 tribus
1393 830 1468 873 con-

299 910 453 988 teruntur,
477 910 552 992 quia
573 930 614 974 ne
635 911 696 974 has
713 911 844 993 quidem
867 910 986 973 formas
1007 910 1040 973 in
1062 910 1150 973 libris
1167 910 1308 992 antiquis
1332 910 1413 973 inter
1435 930 1469 972 se

298 1010 473 1074 disiunctas
495 1029 563 1073 esse
585 1010 724 1091 suspicio
747 1012 803 1073 est.
837 1009 985 1073 Fortasse
1007 1010 1103 1088 igitur
1124 1010 1285 1074 interdum
1302 1009 1395 1072 bibus
1410 1029 1470 1090 pro

298 1109 370 1173 ibus
390 1109 630 1174 rescribendum
661 1113 708 1174 est
741 1108 842 1191 (quod
873 1129 907 1172 re
937 1128 1014 1172 vera
1036 1109 1255 1173 Fleckeisenus
1279 1109 1382 1172 Plaut.
1407 1109 1469 1172 Mil.

298 1230 327 1274 v.
353 1207 674 1287 recommendavit).
710 1208 795 1287 Quin
819 1209 915 1272 etiarn
939 1209 1098 1272 Birtius
1121 1227 1172 1270 nre
1194 1208 1319 1272 induxit
1335 1208 1377 1272 ad
1394 1230 1470 1273 con·

298 1308 496 1374 iectandum:
519 1308 714 1391 ubicumque
737 1308 807 1372 thus
828 1328 886 1389 por
908 1311 920 1371 i
941 1309 1071 1388 longam
1093 1307 1252 1386 scribitur,
1276 1328 1386 1372 veram
1404 1309 1467 1372 lec-

299 1409 419 1473 tionem
436 1408 530 1472 luisse
549 1409 651 1486 tribus,
674 1408 784 1490 quod
806 1409 839 1472 si
862 1428 1038 1489 repones
1060 1427 1263 1488 nusquam
1282 1409 1470 1490 ineptum

299 1508 455 1573 videtur
469 1527 560 1572 esse.
592 1508 639 1572 lta
651 1508 737 1572 enim
748 1508 882 1572 tortasse
894 1507 1087 1571 facilioreme
1098 1507 1272 1588 xplicatum
1284 1508 1393 1586 habet,
1406 1529 1472 1592 qua

300 1610 341 1674 de
363 1629 461 1673 causa
483 1610 496 1671 i
515 1608 634 1672 vocalis
649 1609 747 1672 modo
766 1608 863 1688 longa
886 1607 983 1671 modo
998 1607 1105 1671 brevis
1120 1611 1294 1689 appareat;
1317 1609 1369 1671 vix
1385 1609 1470 1672 enim

300 1708 418 1773 sufficit
437 1708 533 1772 huius
556 1727 727 1772 mensurae
748 1707 896 1788 ancipitis
918 1706 1140 1787 interpretatio
1162 1727 1182 1771 a
1202 1707 1305 1770 doctis
1327 1713 1469 1789 recepta.

385 1808 474 1872 Haec
503 1807 669 1871 hactenus.
721 1807 820 1871 Simili
852 1810 961 1870 autem
986 1808 1101 1885 mod0,
1132 1826 1196 1888 quo
1218 1807 1312 1870 tibus
1341 1811 1373 1870 et
1402 1808 1472 1871 ibus

301 1907 480 1989 eademque
509 1907 549 1971 de
572 1926 670 1972 causa
692 1907 788 1970 etiarn
819 1907 853 1969 bi
882 1911 913 1970 et
936 1908 960 1968 u
983 1905 1038 1985 (i),
1069 1907 1119 1970 his
1148 1912 1180 1970 et
1208 1906 1323 1988 iistis)
1348 1907 1380 1971 in
1403 1909 1473 1990 ipsa

302 2007 495 2089 antiquitate
517 2008 650 2071 confusa
672 2010 755 2071 sunt.
800 2006 894 2084 Quod
917 2007 1058 2089 primum
1080 2009 1210 2088 quidem
1233 2008 1394 2072 nonnullis
1416 2029 1470 2072 ex-

302 2107 414 2189 emplis
436 2127 475 2170 ex
496 2107 756 2188 inscriptionibus
779 2107 918 2171 collectis
941 2107 1100 2172 illustrare
1123 2109 1202 2171 mihi
1226 2109 1329 2173 liceat.

386 2206 534 2271 Fortasse
557 2207 620 2270 iarn
642 2207 676 2270 in
702 2207 810 2288 Lege
833 2207 1021 2271 coloniae
1042 2208 1175 2272 Iuliae
1198 2229 1221 2272 s.
1244 2208 1472 2272 Ursonensi

303 2327 390 2372 anno
419 2306 533 2378 710144
560 2306 691 2370 tabulae
720 2307 819 2370 incisa
849 2307 899 2370 liis
928 2326 987 2388 pro
1018 2309 1058 2371 iis
1086 2329 1110 2371 s.
1133 2310 1162 2372 is
1192 2309 1284 2389 lapsu
1314 2308 1473 2389 lapicidae

305 2406 459 2487 scriptum
483 2425 551 2470 esse
573 2405 675 2468 conici
697 2404 839 2488 potest.²)

385 2503 469 2568 Nam
491 2505 523 2568 in
546 2505 609 2569 hac
630 2505 742 2569 tabula
764 2506 842 2569 satis
865 2507 973 2587 ampla
995 2525 1197 2588 quamquam
1219 2524 1397 2586 pronomen
1421 2504 1473 2568 tric

305 2623 466 2686 nusquam
494 2609 686 2685 usurpatur,
720 2605 780 2669 nisi
811 2606 852 2670 ad
881 2626 947 2670 rem
977 2626 1062 2688 quae
1094 2608 1169 2668 ante
1196 2605 1306 2668 oculos
1327 2607 1475 2669 versatur

304 2702 588 2784 significandam,³)
611 2704 708 2768 veluti
730 2704 772 2769 ad
795 2705 1002 2768 coloniam
1025 2706 1091 2768 sive
1112 2705 1244 2785 legem
1265 2703 1379 2784 ipsam,
1402 2703 1475 2766 ubi·

307 2823 447 2885 cumque
469 2823 545 2868 vero
568 2805 704 2887 scriptor
727 2805 917 2888 pronomine
939 2825 1012 2869 cum
1036 2804 1246 2881 substantivo,
1271 2803 1339 2867 sine
1363 2802 1391 2864 vi
1415 2822 1475 2883 po-

305 2902 384 2979 site,
415 2902 458 2967 ad
487 2923 555 2967 rem
585 2905 683 2986 paulo
713 2909 789 2969 ante
812 2906 944 2970 allatam
966 2911 1051 2969 retro
1073 2907 1214 2986 spectat,
1246 2905 1275 2966 is
1296 2921 1476 2984 pronomen

307 3003 463 3084 scriptum
488 3003 634 3068 videmus
663 3004 818 3087 (qualium
848 3005 992 3070 locorum
1022 3004 1130 3086 plures
1158 3022 1258 3086 quarn
1284 3004 1343 3067 150
1364 3021 1478 3066 nume-

308 3100 400 3182 ravi),
422 3106 532 3167 tamen
556 3102 683 3166 duobus
705 3108 790 3168 certe
813 3105 888 3168 locis
910 3105 962 3167 liis
984 3109 1060 3169 ante
1083 3103 1321 3166 substantivum
1344 3101 1389 3164 ita
1413 3101 1478 3164 col·

309 3201 449 3267 locatum
472 3208 528 3280 est,
551 3207 586 3268 ut
609 3222 673 3267 non
698 3204 737 3267 de
759 3223 793 3267 re
815 3205 975 3285 praesenti
998 3209 1123 3285 agatur,
1153 3203 1210 3267 sed
1232 3202 1320 3265 vocis
1342 3201 1479 3264 alicuius
1508 3198 1512 3206 ’

310 3303 407 3384 paulo
440 3307 515 3366 ante
553 3306 753 3367 memoratae
790 3305 905 3369 iterum
938 3305 1059 3367 mentio
1092 3302 1150 3366 fiat
1183 3302 1279 3383 idque
1311 3301 1379 3364 sine
1415 3299 1479 3362 ullo

316 3400 466 3481 pondere.
510 3401 555 3466 Ct.
580 3402 645 3466 tab.
669 3403 716 3466 lll
739 3403 796 3466 col.
823 3405 849 3480 1,
871 3423 901 3466 v,
927 3403 980 3466 10:

371 3506 411 3570 11
437 3509 501 3570 uiri
530 3510 715 3594 quicumque
746 3511 780 3573 iu
810 3530 846 3573 eu
869 3508 1017 3588 cotoutin)
1040 3504 1294 3589 mup(istrutum)
1316 3505 1480 3582 habebunt,

372 3609 400 3670 ei
429 3607 467 3670 de
496 3609 607 3688 legatio
623 3617 631 3680 t
647 3609 741 3672 uibus
769 3609 893 3689 publice
921 3609 1082 3672 mittendis
1114 3609 1158 3672 ud
1188 3607 1372 3670 decuriones
1402 3602 1483 3684 refe·

383 3819 406 3886 l)
428 3820 545 3876 Censent
563 3821 637 3874 enirn
656 3825 717 3877 ibus
745 3822 898 3892 esimplici
921 3821 1006 3891 stirpe
1030 3821 1229 3884 iderivutum,
1257 3823 1316 3873 ibus
1341 3835 1373 3872 ex
1393 3819 1484 3870 *mdiu

312 3909 404 3960 ortum
422 3923 486 3961 csse.
523 3907 563 3962 cf.
583 3908 837 3965 Schweieer-Sidler
855 3910 871 3962 l.
891 3927 911 3963 c.
932 3911 982 3962 etc.

381 3991 407 4057 2)
431 3991 500 4047 Edd.
520 3993 893 4063 Mommsen-Homer,
915 3994 983 4063 Eph.
997 3993 1083 4062 epigr.
1097 3992 1122 4061 2,
1134 3992 1191 4045 105.
1203 3991 1262 4044 221.
1283 3989 1306 4054 3,
1317 3991 1360 4044 87.
1388 3991 1484 4052 Bruns,

314 4075 392 4130 Font.
412 4076 462 4132 iur.
483 4078 561 4131 lium.
580 4096 607 4147 p.
628 4078 675 4133 119
694 4079 804 4148 aliique.

382 4167 408 4230 3)
430 4161 534 4218 Eadem
558 4163 699 4218 observavi
719 4165 748 4219 in
768 4167 806 4220 eis
825 4166 1049 4236 inscriptionibus
1070 4185 1087 4220 a
1107 4165 1221 4219 Brunsio
1241 4164 1269 4216 in
1288 4162 1412 4216 fontibus
1430 4163 1483 4215 col·

315 4248 399 4317 lectis,
418 4268 489 4319 quae
502 4255 530 4305 et
542 4249 637 4304 eodem
653 4252 709 4306 tere
723 4254 847 4322 tempore
861 4258 889 4307 et
904 4256 969 4306 ante
983 4254 1071 4324 legem
1085 4253 1266 4307 Ursoneneem
1283 4247 1400 4318 scriptae
1412 4254 1485 4304 sunt.
