3238 4994
785 461 1000 524 -qg„,

292 638 405 720 potuit.
448 638 507 700 His
528 637 568 700 de
591 639 695 702 causis
718 639 863 703 codicum
891 639 971 704 fides
993 641 1055 704 hac
1078 640 1166 703 inre
1189 658 1253 703 non
1277 640 1322 703 ita
1343 660 1463 720 magna

294 759 362 802 esse
384 738 522 801 dicenda
543 741 600 802 est.
642 737 734 815 Quae
757 739 916 804 dubitatio
938 740 1027 804 baud
1049 759 1123 804 raro
1147 740 1243 803 etiam
1265 739 1341 821 ipsis
1363 759 1463 803 mem-

292 838 403 906 branis
436 838 478 900 ibi
512 838 756 915 corroboratur,
793 839 847 903 ubi
882 839 1032 903 lectiones
1066 839 1147 904 inter
1179 859 1212 902 se
1245 839 1464 921 discrepantes

295 939 443 1002 offerunt.
488 937 727 1002 Consuetudine
754 939 840 1002 enim
868 939 935 1003 sive
964 939 1094 1003 libidine
1120 939 1322 1004 librariorum
1345 939 1463 1004 saeculi

294 1038 358 1100 lere
380 1038 422 1100 lV
445 1036 517 1100 libri
539 1037 735 1119 antiquiores
758 1058 822 1101 non
846 1039 931 1102 infici
954 1058 1019 1102 non
1043 1043 1202 1121 poterant.

374 1152 438 1216 Sed
460 1152 544 1216 enim
569 1154 733 1235 quaeritur
755 1173 833 1217 num
853 1154 930 1236 quid
946 1155 1008 1218 hac
1026 1154 1056 1217 in
1069 1153 1278 1234 usurpatione
1289 1154 1464 1235 posteriore

294 1272 375 1316 aevo
397 1256 557 1316 mutatum
580 1254 629 1316 sit.
674 1253 852 1335 Postquam
875 1253 958 1317 enim
983 1253 1141 1318 scribendi
1161 1253 1353 1317 incertitudo
1370 1253 1464 1316 nimis

295 1352 438 1428 increvit,
460 1352 528 1416 fieri
550 1353 664 1433 potuit,
686 1357 722 1417 ut
733 1354 984 1418 inconstantiam
995 1355 1082 1417 illam
1095 1357 1282 1434 respuerent
1292 1353 1465 1434 scriptores

295 1450 361 1514 sive
385 1451 504 1515 librarii
527 1452 752 1530 accuratiores,
775 1472 894 1518 novam
911 1454 1070 1518 scribendi
1088 1453 1245 1517 rationem
1258 1453 1465 1534 anquirerent

296 1551 572 1633 permiscendique
602 1571 695 1616 usum
725 1554 836 1618 tollere
865 1558 1067 1617 conarentur.
1111 1551 1263 1630 Quaestio
1291 1552 1387 1632 igitur
1412 1570 1464 1614 ex-

294 1651 391 1728 sistit,
430 1671 506 1714 num
541 1652 638 1716 etiam
669 1654 701 1716 in
731 1653 820 1717 libris
848 1655 1048 1718 saeculorum
1079 1653 1119 1715 lV
1143 1653 1167 1714 V
1190 1652 1230 1714 Vl
1252 1651 1306 1714 Vll
1337 1671 1464 1715 summa

298 1750 461 1830 diligentia
484 1752 638 1827 exaratiS,
670 1753 724 1834 qui
747 1757 891 1829 exstant,
922 1753 1041 1816 librarii
1065 1751 1166 1816 bisin
1190 1753 1286 1816 rebus
1305 1751 1373 1814 sine
1395 1751 1465 1830 lege

297 1855 328 1914 et
350 1870 389 1913 ex
412 1870 500 1914 mera
524 1851 654 1915 libidine
676 1854 867 1934 pronomina
884 1857 1070 1934 permutare
1085 1851 1293 1934 perrexerint.
1331 1851 1466 1914 Constat

297 1951 380 2013 enim
416 1951 498 2014 inter
530 1951 599 2014 illas
632 1971 717 2032 quae
749 1957 920 2034 supersunt
953 1953 1161 2016 membranas
1193 1950 1363 2014 nonnullas
1395 1950 1465 2013 dili-

297 2050 480 2128 gentissime
515 2052 653 2133 scriptas
688 2056 721 2115 et
758 2053 946 2116 emendatas
979 2072 1065 2128 esse3
1103 2052 1212 2133 itaque
1244 2051 1276 2114 in
1310 2050 1466 2113 eiusmodi

297 2149 469 2230 praecipue
507 2152 670 2216 codicibus
701 2150 843 2233 aliquam
878 2157 963 2215 certe
996 2152 1259 2234 aequabilitatem
1288 2151 1467 2231 scripturae

297 2254 521 2330 exspectamus
542 2252 795 2333 miraremurque
817 2271 854 2315 ea
875 2253 900 2315 si
917 2271 1047 2332 prorsus
1062 2251 1307 2316 desideraretur.
1352 2252 1466 2331 ltaque

297 2348 423 2412 codices
452 2349 537 2430 ipsos
567 2350 677 2415 sedulo
708 2351 872 2415 consulere
903 2357 934 2414 et
964 2352 1064 2431 legem
1097 2352 1128 2414 in
1158 2351 1284 2415 licentia
1311 2368 1467 2432 quaerere

296 2467 403 2511 mcum
430 2469 496 2512 esse
519 2450 639 2530 putavi.
1288 2435 1301 2464 ‘

380 2563 451 2627 Huc
473 2566 633 2646 pertinent
662 2566 818 2648 imprimis
840 2570 872 2629 et
895 2566 964 2630 libri
989 2566 1180 2630 iuridiciales
1203 2567 1285 2629 inter
1306 2583 1388 2647 quos
1410 2583 1464 2626 ex·

298 2664 415 2727 cellunt
442 2665 632 2744 Digesta,
664 2666 773 2728 codice
803 2666 985 2730 Florentino
1015 2687 1038 2729 s.
1065 2664 1173 2738 VllVll
1200 2664 1318 2745 scripto
1345 2663 1466 2745 optime

294 2761 423 2838 tradita,
437 2767 468 2826 et
486 2763 747 2828 Testamenti
765 2765 881 2828 veteris
897 2767 1036 2846 novique
1054 2763 1342 2846 interpretationes
1378 2763 1466 2840 Quo-

295 2881 366 2924 rum
386 2861 549 2942 librorum,
572 2864 724 2945 quoniam
746 2885 857 2928 omnes
872 2866 1034 2946 perlegere
1057 2886 1120 2929 non
1136 2864 1231 2937 valui,
1255 2862 1377 2945 aliquot
1392 2881 1465 2943 per·

295 2966 456 3026 scrutalus
477 2983 557 3030 sum.

379 3078 411 3141 ln
436 3079 552 3143 talibus
572 3080 668 3160 igilur
690 3080 777 3143 libris
796 3080 915 3162 optime
936 3079 1061 3143 traditis
1076 3077 1303 3159 pronominum
1321 3077 1466 3141 conlusio

296 3197 373 3241 num
398 3179 529 3242 omnino
552 3179 593 3242 sil
621 3180 747 3242 sublata
773 3179 949 3243 videamus.
993 3179 1087 3256 Quod
1111 3198 1183 3243 cum
1207 3182 1294 3242 certo
1317 3176 1466 3257 cognosci

293 3297 357 3341 non
373 3299 467 3359 posse
484 3278 711 3359 intellegerem,
734 3280 792 3343 nisi
811 3299 851 3343 ne
869 3279 933 3343 ulla
953 3280 1083 3361 quidem
1099 3277 1258 3342 scribendi
1280 3278 1362 3341 ratio
1382 3295 1467 3358 quae

295 3377 356 3440 buc
379 3378 517 3458 pertinet
539 3378 775 3459 neglegerelur,
809 3378 907 3442 libros
939 3398 1020 3460 quos
1048 3379 1113 3441 dixi
1143 3381 1227 3442 lotos
1248 3375 1466 3458 pervestigare

294 3496 470 3559 omnesque
501 3479 741 3542 emendationes
770 3479 986 3561 lectionesque
1016 3478 1172 3542 notabiles
1202 3480 1233 3540 et
1265 3475 1412 3557 colligere
1435 3477 1467 3537 et

297 3581 445 3640 excutere
466 3597 576 3640 meum
597 3597 665 3640 esse
687 3578 766 3641 mihi
788 3579 890 3642 visum
914 3583 968 3642 est.

376 3675 444 3738 Hac
477 3678 608 3740 tandem
640 3677 693 3740 via
724 3697 808 3758 quae
836 3678 1012 3741 invenerim
1047 3695 1196 3759 quaeque
1225 3673 1270 3736 eis
1292 3672 1467 3736 doceamur

293 3775 406 3854 paucis
428 3776 619 3857 explicanda
640 3780 723 3840 sunt.

378 3873 550 3939 Videamus
567 3875 707 3957 primurn
726 3875 767 3940 de
785 3875 1014 3957 pronominum
1035 3874 1179 3938 dativo
1196 3873 1263 3936 sive
1280 3873 1467 3937 ablativo

293 3972 418 4035 numeri
441 3972 584 4053 pluralis.

378 4072 427 4134 Ad
450 4091 546 4152 quem
572 4091 682 4136 casum
709 4074 955 4155 significandum
979 4073 1010 4134 in
1034 4071 1218 4152 Digestis
1241 4070 1351 4134 codice
1374 4071 1467 4135 Flo-

291 4168 403 4232 renti
417 4188 466 4230 no
488 4170 729 4234 accuratissime
751 4171 876 4235 traditis
899 4171 984 4248 (edd.
1003 4189 1022 4232 a
1041 4169 1101 4234 Th.
1119 4169 1346 4244 Mommsen,
1371 4169 1466 4232 Bero-

293 4266 346 4329 lini
379 4287 407 4330 a.
445 4267 620 4350 1866-70)
662 4268 722 4334 bas
762 4269 881 4334 formas
914 4267 1077 4332 adhibitas
1108 4267 1224 4332 inveni.
1289 4264 1465 4330 Numeravi
