<?xml version="1.0" encoding="UTF-8"?>
<!DOCTYPE html PUBLIC "-//W3C//DTD XHTML 1.0 Transitional//EN"
    "http://www.w3.org/TR/xhtml1/DTD/xhtml1-transitional.dtd">
<html xmlns="http://www.w3.org/1999/xhtml" xml:lang="en" lang="en">
 <head>
  <title>
</title>
<meta http-equiv="Content-Type" content="text/html;charset=utf-8" />
  <meta name='ocr-system' content='tesseract 3.04.00' />
  <meta name='ocr-capabilities' content='ocr_page ocr_carea ocr_par ocr_line ocrx_word'/>
</head>
<body>
  <div class='ocr_page' id='page_1' title='image "./deisethicpronom00zieggoog_0026.png"; bbox 0 0 3238 4994; ppageno 0'>
   <div class='ocr_carea' id='block_1_1' title="bbox 598 493 803 556">
    <p class='ocr_par' dir='ltr' id='par_1_1' title="bbox 598 493 803 556">
     <span class='ocr_line' id='line_1_1' title="bbox 598 493 803 556; baseline 0.005 -19"><span class='ocrx_word' id='word_1_1' title='bbox 598 493 803 556; x_wconf 57' lang='grc'>,11-</span> 
     </span>
    </p>
   </div>
   <div class='ocr_carea' id='block_1_2' title="bbox 111 668 1284 3855">
    <p class='ocr_par' dir='ltr' id='par_1_2' title="bbox 115 668 1283 858">
     <span class='ocr_line' id='line_1_2' title="bbox 115 668 1283 758; baseline 0.01 -29"><span class='ocrx_word' id='word_1_2' title='bbox 115 668 309 750; x_wconf 61' lang='lat' dir='ltr'>potatoribus</span> <span class='ocrx_word' id='word_1_3' title='bbox 334 670 446 734; x_wconf 76' lang='lat' dir='ltr'>solidis</span> <span class='ocrx_word' id='word_1_4' title='bbox 475 693 571 756; x_wconf 77' lang='lat' dir='ltr'>neqrro</span> <span class='ocrx_word' id='word_1_5' title='bbox 592 674 756 758; x_wconf 79' lang='lat' dir='ltr'>quicquam</span> <span class='ocrx_word' id='word_1_6' title='bbox 787 696 807 738; x_wconf 84' lang='lat' dir='ltr'>a</span> <span class='ocrx_word' id='word_1_7' title='bbox 835 682 947 756; x_wconf 72' lang='lat' dir='ltr'>tergo</span> <span class='ocrx_word' id='word_1_8' title='bbox 969 674 1060 738; x_wconf 82' lang='lat' dir='ltr'>ibus</span> <span class='ocrx_word' id='word_1_9' title='bbox 1080 676 1189 756; x_wconf 78' lang='lat' dir='ltr'><strong><em>obstet,</em></strong></span> <span class='ocrx_word' id='word_1_10' title='bbox 1219 678 1283 756; x_wconf 84' lang='lat' dir='ltr'>ubi,</span> 
     </span>
     <span class='ocr_line' id='line_1_3' title="bbox 117 768 1133 858; baseline 0.012 -29"><span class='ocrx_word' id='word_1_11' title='bbox 117 786 173 848; x_wconf 87' lang='lat' dir='ltr'>pro</span> <span class='ocrx_word' id='word_1_12' title='bbox 196 768 289 831; x_wconf 87' lang='lat' dir='ltr'>codd.</span> <span class='ocrx_word' id='word_1_13' title='bbox 312 770 457 848; x_wconf 63' lang='lat' dir='ltr'>terpiton,</span> <span class='ocrx_word' id='word_1_14' title='bbox 479 778 564 850; x_wconf 77' lang='lat' dir='ltr'>terpo</span> <span class='ocrx_word' id='word_1_15' title='bbox 589 773 657 836; x_wconf 81' lang='lat' dir='ltr'>ibas</span> <span class='ocrx_word' id='word_1_16' title='bbox 682 778 767 838; x_wconf 86' lang='lat' dir='ltr'>recte</span> <span class='ocrx_word' id='word_1_17' title='bbox 787 774 875 838; x_wconf 93' lang='lat' dir='ltr'>dedit</span> <span class='ocrx_word' id='word_1_18' title='bbox 898 776 1004 839; x_wconf 89' lang='lat' dir='ltr'>nescio</span> <span class='ocrx_word' id='word_1_19' title='bbox 1025 776 1133 858; x_wconf 86' lang='lat' dir='ltr'>quis.¹)</span> 
     </span>
    </p>

    <p class='ocr_par' dir='ltr' id='par_1_3' title="bbox 115 867 1284 1550">
     <span class='ocr_line' id='line_1_4' title="bbox 197 867 1283 952; baseline 0.01 -23"><span class='ocrx_word' id='word_1_20' title='bbox 197 867 346 932; x_wconf 89' lang='lat' dir='ltr'>Dubitari</span> <span class='ocrx_word' id='word_1_21' title='bbox 377 870 509 934; x_wconf 88' lang='lat' dir='ltr'>fortasse</span> <span class='ocrx_word' id='word_1_22' title='bbox 536 873 634 952; x_wconf 77' lang='lat' dir='ltr'>possit</span> <span class='ocrx_word' id='word_1_23' title='bbox 665 874 705 936; x_wconf 91' lang='lat' dir='ltr'>de</span> <span class='ocrx_word' id='word_1_24' title='bbox 733 873 784 936; x_wconf 91' lang='lat' dir='ltr'>his</span> <span class='ocrx_word' id='word_1_25' title='bbox 804 874 1062 939; x_wconf 87' lang='lat' dir='ltr'>Lachmanni</span> <span class='ocrx_word' id='word_1_26' title='bbox 1085 876 1283 941; x_wconf 86' lang='lat' dir='ltr'>emendatio-</span> 
     </span>
     <span class='ocr_line' id='line_1_5' title="bbox 117 965 1284 1057; baseline 0.008 -28"><span class='ocrx_word' id='word_1_27' title='bbox 117 965 224 1030; x_wconf 82' lang='lat' dir='ltr'>nibus:</span> <span class='ocrx_word' id='word_1_28' title='bbox 250 967 362 1032; x_wconf 89' lang='lat' dir='ltr'>Lucr.</span> <span class='ocrx_word' id='word_1_29' title='bbox 387 970 629 1046; x_wconf 62' lang='lat' dir='ltr'>iuuat-934:</span> <span class='ocrx_word' id='word_1_30' title='bbox 652 975 815 1057; x_wconf 60' lang='lat' dir='ltr'>prr-rinctpto</span> <span class='ocrx_word' id='word_1_31' title='bbox 837 981 965 1038; x_wconf 73' lang='lat' dir='ltr'>ooterm</span> <span class='ocrx_word' id='word_1_32' title='bbox 988 996 1103 1056; x_wconf 83' lang='lat' dir='ltr'>corpus</span> <span class='ocrx_word' id='word_1_33' title='bbox 1127 977 1165 1039; x_wconf 86' lang='lat' dir='ltr'>de</span> <span class='ocrx_word' id='word_1_34' title='bbox 1191 983 1284 1056; x_wconf 83' lang='lat' dir='ltr'>porto</span> 
     </span>
     <span class='ocr_line' id='line_1_6' title="bbox 118 1074 1283 1159; baseline 0.009 -31"><span class='ocrx_word' id='word_1_35' title='bbox 118 1089 274 1131; x_wconf 71' lang='lat' dir='ltr'>trecensum</span> <span class='ocrx_word' id='word_1_36' title='bbox 294 1077 347 1146; x_wconf 82' lang='lat' dir='ltr'>eat,</span> <span class='ocrx_word' id='word_1_37' title='bbox 360 1079 379 1141; x_wconf 85' lang='lat' dir='ltr'>tt</span> <span class='ocrx_word' id='word_1_38' title='bbox 391 1074 490 1135; x_wconf 75' lang='lat' dir='ltr'>atriis</span> <span class='ocrx_word' id='word_1_39' title='bbox 512 1077 661 1152; x_wconf 82' lang='lat' dir='ltr'>quonium</span> <span class='ocrx_word' id='word_1_40' title='bbox 683 1076 825 1139; x_wconf 81' lang='lat' dir='ltr'>uicinum</span> <span class='ocrx_word' id='word_1_41' title='bbox 847 1077 989 1159; x_wconf 72' lang='lat' dir='ltr'>tangitur</span> <span class='ocrx_word' id='word_1_42' title='bbox 1010 1078 1110 1154; x_wconf 63' lang='lat' dir='ltr'>oreris,</span> <span class='ocrx_word' id='word_1_43' title='bbox 1123 1083 1143 1149; x_wconf 85' lang='lat' dir='ltr'>o</span> <span class='ocrx_word' id='word_1_44' title='bbox 1155 1077 1283 1139; x_wconf 76' lang='lat' dir='ltr'><em>tundier</em></span> 
     </span>
     <span class='ocr_line' id='line_1_7' title="bbox 116 1170 1282 1258; baseline 0.009 -28"><span class='ocrx_word' id='word_1_45' title='bbox 116 1174 205 1252; x_wconf 81' lang='lat' dir='ltr'>utque</span> <span class='ocrx_word' id='word_1_46' title='bbox 227 1170 277 1232; x_wconf 84' lang='lat' dir='ltr'>ub</span> <span class='ocrx_word' id='word_1_47' title='bbox 299 1171 312 1232; x_wconf 86' lang='lat' dir='ltr'>t</span> <span class='ocrx_word' id='word_1_48' title='bbox 319 1172 336 1233; x_wconf 87' lang='lat' dir='ltr'>b</span> <span class='ocrx_word' id='word_1_49' title='bbox 345 1192 392 1234; x_wconf 83' lang='lat' dir='ltr'>us</span> <span class='ocrx_word' id='word_1_50' title='bbox 413 1173 518 1236; x_wconf 85' lang='lat' dir='ltr'>erebro</span> <span class='ocrx_word' id='word_1_51' title='bbox 535 1177 703 1258; x_wconf 80' lang='lat' dir='ltr'>pulsarier</span> <span class='ocrx_word' id='word_1_52' title='bbox 722 1179 795 1250; x_wconf 80' lang='lat' dir='ltr'>ictu,</span> <span class='ocrx_word' id='word_1_53' title='bbox 815 1175 925 1240; x_wconf 84' lang='lat' dir='ltr'>codd:</span> <span class='ocrx_word' id='word_1_54' title='bbox 948 1177 1015 1239; x_wconf 79' lang='lat' dir='ltr'>eins</span> <span class='ocrx_word' id='word_1_55' title='bbox 1036 1195 1112 1258; x_wconf 92' lang='lat' dir='ltr'>pro:</span> <span class='ocrx_word' id='word_1_56' title='bbox 1134 1177 1173 1240; x_wconf 84' lang='lat' dir='ltr'>ab</span> <span class='ocrx_word' id='word_1_57' title='bbox 1195 1176 1282 1252; x_wconf 80' lang='lat' dir='ltr'>ibus;</span> 
     </span>
     <span class='ocr_line' id='line_1_8' title="bbox 116 1267 1283 1360; baseline 0.008 -30"><span class='ocrx_word' id='word_1_58' title='bbox 116 1267 225 1334; x_wconf 87' lang='lat' dir='ltr'>Lucr.</span> <span class='ocrx_word' id='word_1_59' title='bbox 265 1271 312 1346; x_wconf 84' lang='lat' dir='ltr'>Vl,</span> <span class='ocrx_word' id='word_1_60' title='bbox 324 1272 401 1335; x_wconf 84' lang='lat'>755:</span> <span class='ocrx_word' id='word_1_61' title='bbox 429 1275 485 1336; x_wconf 81' lang='lat' dir='ltr'>sed</span> <span class='ocrx_word' id='word_1_62' title='bbox 517 1282 635 1338; x_wconf 71' lang='lat' dir='ltr'>venturu</span> <span class='ocrx_word' id='word_1_63' title='bbox 665 1275 726 1340; x_wconf 81' lang='lat' dir='ltr'>loci</span> <span class='ocrx_word' id='word_1_64' title='bbox 753 1278 796 1339; x_wconf 82' lang='lat' dir='ltr'>ni</span> <span class='ocrx_word' id='word_1_65' title='bbox 820 1277 831 1337; x_wconf 87' lang='grc'>1</span> <span class='ocrx_word' id='word_1_66' title='bbox 838 1276 907 1339; x_wconf 84' lang='lat' dir='ltr'>bns</span> <span class='ocrx_word' id='word_1_67' title='bbox 936 1275 1033 1358; x_wconf 67' lang='lat' dir='ltr'>officit</span> <span class='ocrx_word' id='word_1_68' title='bbox 1061 1278 1130 1360; x_wconf 83' lang='lat' dir='ltr'>ipso</span> <span class='ocrx_word' id='word_1_69' title='bbox 1161 1283 1283 1360; x_wconf 81' lang='lat' dir='ltr'>suopte,</span> 
     </span>
     <span class='ocr_line' id='line_1_9' title="bbox 116 1369 1283 1457; baseline 0.008 -27"><span class='ocrx_word' id='word_1_70' title='bbox 116 1369 222 1433; x_wconf 88' lang='lat' dir='ltr'>codd:</span> <span class='ocrx_word' id='word_1_71' title='bbox 256 1391 336 1450; x_wconf 79' lang='lat' dir='ltr'>opos</span> <span class='ocrx_word' id='word_1_72' title='bbox 367 1371 470 1454; x_wconf 78' lang='lat' dir='ltr'>officit.</span> <span class='ocrx_word' id='word_1_73' title='bbox 522 1375 646 1439; x_wconf 81' lang='lat' dir='ltr'>Tamen</span> <span class='ocrx_word' id='word_1_74' title='bbox 675 1377 747 1440; x_wconf 81' lang='lat' dir='ltr'>tbns</span> <span class='ocrx_word' id='word_1_75' title='bbox 779 1380 865 1440; x_wconf 79' lang='lat' dir='ltr'>certe</span> <span class='ocrx_word' id='word_1_76' title='bbox 894 1376 1014 1457; x_wconf 91' lang='lat' dir='ltr'>optime</span> <span class='ocrx_word' id='word_1_77' title='bbox 1045 1376 1086 1439; x_wconf 89' lang='lat' dir='ltr'>ad</span> <span class='ocrx_word' id='word_1_78' title='bbox 1116 1377 1176 1441; x_wconf 92' lang='lat' dir='ltr'>hos</span> <span class='ocrx_word' id='word_1_79' title='bbox 1197 1376 1283 1440; x_wconf 90' lang='lat' dir='ltr'>locos</span> 
     </span>
     <span class='ocr_line' id='line_1_10' title="bbox 115 1469 265 1550; baseline 0.013 -19"><span class='ocrx_word' id='word_1_80' title='bbox 115 1469 265 1550; x_wconf 87' lang='lat' dir='ltr'>quadrat.</span> 
     </span>
    </p>

    <p class='ocr_par' dir='ltr' id='par_1_4' title="bbox 111 1569 1283 2552">
     <span class='ocr_line' id='line_1_11' title="bbox 194 1569 1283 1656; baseline 0.004 -23"><span class='ocrx_word' id='word_1_81' title='bbox 194 1569 317 1634; x_wconf 84' lang='lat' dir='ltr'>Contra</span> <span class='ocrx_word' id='word_1_82' title='bbox 340 1571 429 1634; x_wconf 82' lang='lat' dir='ltr'>lbos</span> <span class='ocrx_word' id='word_1_83' title='bbox 450 1572 557 1653; x_wconf 90' lang='lat' dir='ltr'>priore</span> <span class='ocrx_word' id='word_1_84' title='bbox 579 1573 737 1655; x_wconf 88' lang='lat' dir='ltr'>producta</span> <span class='ocrx_word' id='word_1_85' title='bbox 760 1574 883 1656; x_wconf 79' lang='lat' dir='ltr'>syllaba</span> <span class='ocrx_word' id='word_1_86' title='bbox 901 1575 1116 1656; x_wconf 84' lang='lat' dir='ltr'>compluriens</span> <span class='ocrx_word' id='word_1_87' title='bbox 1138 1575 1283 1639; x_wconf 87' lang='lat' dir='ltr'>inlibris</span> 
     </span>
     <span class='ocr_line' id='line_1_12' title="bbox 115 1670 1283 1755; baseline 0.008 -26"><span class='ocrx_word' id='word_1_88' title='bbox 115 1670 267 1750; x_wconf 87' lang='lat' dir='ltr'>scriptum</span> <span class='ocrx_word' id='word_1_89' title='bbox 284 1671 438 1735; x_wconf 89' lang='lat' dir='ltr'>videmus.</span> <span class='ocrx_word' id='word_1_90' title='bbox 471 1673 516 1736; x_wconf 86' lang='lat' dir='ltr'>Cf.</span> <span class='ocrx_word' id='word_1_91' title='bbox 536 1672 669 1737; x_wconf 92' lang='lat' dir='ltr'>Plaut.</span> <span class='ocrx_word' id='word_1_92' title='bbox 691 1673 753 1738; x_wconf 90' lang='lat' dir='ltr'>Mil.</span> <span class='ocrx_word' id='word_1_93' title='bbox 772 1675 849 1755; x_wconf 83' lang='lat' dir='ltr'>glor.</span> <span class='ocrx_word' id='word_1_94' title='bbox 871 1695 898 1738; x_wconf 90' lang='lat' dir='ltr'>v.</span> <span class='ocrx_word' id='word_1_95' title='bbox 916 1676 965 1740; x_wconf 88' lang='lat'>73.</span> <span class='ocrx_word' id='word_1_96' title='bbox 980 1677 1036 1740; x_wconf 76' lang='lat'>74:</span> <span class='ocrx_word' id='word_1_97' title='bbox 1061 1682 1093 1738; x_wconf 86' lang='lat' dir='ltr'>nt</span> <span class='ocrx_word' id='word_1_98' title='bbox 1110 1677 1145 1738; x_wconf 86' lang='lat' dir='ltr'>tn</span> <span class='ocrx_word' id='word_1_99' title='bbox 1161 1675 1283 1739; x_wconf 80' lang='lat' dir='ltr'>tabellio</span> 
     </span>
     <span class='ocr_line' id='line_1_13' title="bbox 115 1772 1280 1855; baseline 0.007 -25"><span class='ocrx_word' id='word_1_100' title='bbox 115 1790 187 1852; x_wconf 75' lang='lat' dir='ltr'>piros</span> <span class='ocrx_word' id='word_1_101' title='bbox 203 1772 395 1855; x_wconf 75' lang='lat' dir='ltr'>consipooui</span> <span class='ocrx_word' id='word_1_102' title='bbox 414 1773 462 1834; x_wconf 81' lang='lat' dir='ltr'>bio</span> <span class='ocrx_word' id='word_1_103' title='bbox 478 1773 546 1835; x_wconf 81' lang='lat' dir='ltr'>bert</span> <span class='ocrx_word' id='word_1_104' title='bbox 558 1781 577 1845; x_wconf 85' lang='lat' dir='ltr'>tt</span> <span class='ocrx_word' id='word_1_105' title='bbox 589 1777 727 1837; x_wconf 80' lang='lat' dir='ltr'>tatrones</span> <span class='ocrx_word' id='word_1_106' title='bbox 750 1776 761 1835; x_wconf 84' lang='grc'>1</span> <span class='ocrx_word' id='word_1_107' title='bbox 769 1775 786 1836; x_wconf 83' lang='lat' dir='ltr'>b</span> <span class='ocrx_word' id='word_1_108' title='bbox 797 1795 841 1837; x_wconf 85' lang='lat' dir='ltr'>us</span> <span class='ocrx_word' id='word_1_109' title='bbox 858 1775 1051 1838; x_wconf 70' lang='lat' dir='ltr'>dinemo-em</span> <span class='ocrx_word' id='word_1_110' title='bbox 1071 1774 1130 1855; x_wconf 84' lang='lat' dir='ltr'>(ita</span> <span class='ocrx_word' id='word_1_111' title='bbox 1145 1775 1280 1854; x_wconf 78' lang='lat' dir='ltr'>Ritschl</span> 
     </span>
     <span class='ocr_line' id='line_1_14' title="bbox 115 1869 1280 1956; baseline 0.006 -24"><span class='ocrx_word' id='word_1_112' title='bbox 115 1869 225 1946; x_wconf 86' lang='lat' dir='ltr'>Goetz;</span> <span class='ocrx_word' id='word_1_113' title='bbox 249 1872 447 1935; x_wconf 74' lang='lat' dir='ltr'>debitotorem</span> <span class='ocrx_word' id='word_1_114' title='bbox 468 1870 544 1952; x_wconf 86' lang='lat' dir='ltr'>Leo)</span> <span class='ocrx_word' id='word_1_115' title='bbox 571 1874 770 1956; x_wconf 78' lang='lat' dir='ltr'>stipendium.</span> <span class='ocrx_word' id='word_1_116' title='bbox 813 1874 933 1938; x_wconf 82' lang='lat' dir='ltr'>Deinde</span> <span class='ocrx_word' id='word_1_117' title='bbox 955 1875 994 1937; x_wconf 89' lang='lat' dir='ltr'>ct.</span> <span class='ocrx_word' id='word_1_118' title='bbox 1017 1875 1144 1939; x_wconf 90' lang='lat' dir='ltr'>Titin.</span> <span class='ocrx_word' id='word_1_119' title='bbox 1167 1876 1280 1956; x_wconf 83' lang='lat' dir='ltr'><strong>fragm.</strong></span> 
     </span>
     <span class='ocr_line' id='line_1_15' title="bbox 114 1971 1282 2054; baseline 0.004 -21"><span class='ocrx_word' id='word_1_120' title='bbox 114 1971 160 2043; x_wconf 80' lang='lat'>59,</span> <span class='ocrx_word' id='word_1_121' title='bbox 183 1991 267 2034; x_wconf 89' lang='lat' dir='ltr'>com.</span> <span class='ocrx_word' id='word_1_122' title='bbox 293 1972 386 2035; x_wconf 84' lang='lat' dir='ltr'>Ribb.</span> <span class='ocrx_word' id='word_1_123' title='bbox 410 1992 440 2054; x_wconf 89' lang='lat' dir='ltr'>p.</span> <span class='ocrx_word' id='word_1_124' title='bbox 463 1974 535 2037; x_wconf 73' lang='lat' dir='ltr'>lut:</span> <span class='ocrx_word' id='word_1_125' title='bbox 559 1973 611 2036; x_wconf 85' lang='lat' dir='ltr'>Eu</span> <span class='ocrx_word' id='word_1_126' title='bbox 628 1980 755 2051; x_wconf 81' lang='lat' dir='ltr'>ecastor,</span> <span class='ocrx_word' id='word_1_127' title='bbox 777 1976 807 2037; x_wconf 83' lang='lat' dir='ltr'>si</span> <span class='ocrx_word' id='word_1_128' title='bbox 820 1975 890 2037; x_wconf 80' lang='lat' dir='ltr'>aitis</span> <span class='ocrx_word' id='word_1_129' title='bbox 906 1982 1049 2037; x_wconf 81' lang='lat' dir='ltr'>moratae</span> <span class='ocrx_word' id='word_1_130' title='bbox 1063 1975 1174 2038; x_wconf 81' lang='lat' dir='ltr'>arubae</span> <span class='ocrx_word' id='word_1_131' title='bbox 1191 1975 1282 2039; x_wconf 83' lang='lat' dir='ltr'>ibus</span> 
     </span>
     <span class='ocr_line' id='line_1_16' title="bbox 111 2072 1280 2155; baseline 0.006 -25"><span class='ocrx_word' id='word_1_132' title='bbox 111 2089 169 2153; x_wconf 83' lang='lat' dir='ltr'>pro</span> <span class='ocrx_word' id='word_1_133' title='bbox 199 2077 232 2134; x_wconf 85' lang='lat' dir='ltr'>nt</span> <span class='ocrx_word' id='word_1_134' title='bbox 264 2093 317 2152; x_wconf 77' lang='lat' dir='ltr'>epo</span> <span class='ocrx_word' id='word_1_135' title='bbox 343 2073 483 2135; x_wconf 83' lang='lat' dir='ltr'>moribus</span> <span class='ocrx_word' id='word_1_136' title='bbox 515 2072 598 2152; x_wconf 92' lang='lat' dir='ltr'>(libri</span> <span class='ocrx_word' id='word_1_137' title='bbox 627 2073 688 2138; x_wconf 88' lang='lat' dir='ltr'>hoc</span> <span class='ocrx_word' id='word_1_138' title='bbox 718 2074 787 2137; x_wconf 91' lang='lat' dir='ltr'>loco</span> <span class='ocrx_word' id='word_1_139' title='bbox 816 2073 896 2136; x_wconf 90' lang='lat' dir='ltr'>Non.</span> <span class='ocrx_word' id='word_1_140' title='bbox 927 2094 957 2155; x_wconf 89' lang='lat' dir='ltr'>p.</span> <span class='ocrx_word' id='word_1_141' title='bbox 980 2074 1052 2149; x_wconf 84' lang='grc'>486,</span> <span class='ocrx_word' id='word_1_142' title='bbox 1070 2074 1108 2137; x_wconf 88' lang='grc'>15</span> <span class='ocrx_word' id='word_1_143' title='bbox 1136 2078 1280 2138; x_wconf 88' lang='lat' dir='ltr'>servato:</span> 
     </span>
     <span class='ocr_line' id='line_1_17' title="bbox 179 2173 1280 2256; baseline 0.004 -24.725"><span class='ocrx_word' id='word_1_144' title='bbox 115 2177 322 2234; x_wconf 85' lang='lat' dir='ltr'>moratae</span> <span class='ocrx_word' id='word_1_145' title='bbox 342 2173 411 2235; x_wconf 76' lang='lat' dir='ltr'>sitia</span> <span class='ocrx_word' id='word_1_146' title='bbox 428 2221 456 2236; x_wconf 85' lang='lat'>..</span> <span class='ocrx_word' id='word_1_147' title='bbox 476 2173 545 2236; x_wconf 83' lang='lat' dir='ltr'>ibus</span> <span class='ocrx_word' id='word_1_148' title='bbox 564 2180 598 2236; x_wconf 83' lang='lat' dir='ltr'>nt</span> <span class='ocrx_word' id='word_1_149' title='bbox 616 2193 676 2256; x_wconf 86' lang='lat' dir='ltr'>pro</span> <span class='ocrx_word' id='word_1_150' title='bbox 698 2194 751 2253; x_wconf 75' lang='lat' dir='ltr'>epo</span> <span class='ocrx_word' id='word_1_151' title='bbox 775 2173 964 2254; x_wconf 72' lang='lat' dir='ltr'>maortous);</span> <span class='ocrx_word' id='word_1_152' title='bbox 994 2193 1054 2237; x_wconf 87' lang='lat' dir='ltr'>nec</span> <span class='ocrx_word' id='word_1_153' title='bbox 1078 2192 1142 2237; x_wconf 93' lang='lat' dir='ltr'>non</span> <span class='ocrx_word' id='word_1_154' title='bbox 1165 2173 1280 2236; x_wconf 91' lang='lat' dir='ltr'>Pom-</span> 
     </span>
     <span class='ocr_line' id='line_1_18' title="bbox 114 2270 1281 2358; baseline 0.001 -25"><span class='ocrx_word' id='word_1_155' title='bbox 114 2288 197 2349; x_wconf 91' lang='lat' dir='ltr'>pon.</span> <span class='ocrx_word' id='word_1_156' title='bbox 225 2272 295 2346; x_wconf 82' lang='grc'>101,</span> <span class='ocrx_word' id='word_1_157' title='bbox 319 2290 390 2335; x_wconf 90' lang='lat' dir='ltr'>com</span> <span class='ocrx_word' id='word_1_158' title='bbox 412 2272 508 2336; x_wconf 85' lang='lat' dir='ltr'>Ribb.</span> <span class='ocrx_word' id='word_1_159' title='bbox 532 2293 562 2354; x_wconf 89' lang='lat' dir='ltr'>p.</span> <span class='ocrx_word' id='word_1_160' title='bbox 585 2273 662 2337; x_wconf 65' lang='lat'>241:</span> <span class='ocrx_word' id='word_1_161' title='bbox 686 2293 771 2336; x_wconf 84' lang='lat' dir='ltr'>nuno</span> <span class='ocrx_word' id='word_1_162' title='bbox 792 2274 920 2358; x_wconf 81' lang='lat' dir='ltr'>quondo</span> <span class='ocrx_word' id='word_1_163' title='bbox 940 2274 1071 2338; x_wconf 72' lang='lat' dir='ltr'>uoletisti</span> <span class='ocrx_word' id='word_1_164' title='bbox 1089 2270 1205 2353; x_wconf 81' lang='lat' dir='ltr'>facere,</span> <span class='ocrx_word' id='word_1_165' title='bbox 1227 2271 1281 2354; x_wconf 81' lang='lat' dir='ltr'>fao</span> 
     </span>
     <span class='ocr_line' id='line_1_19' title="bbox 116 2370 1279 2454; baseline 0.004 -24"><span class='ocrx_word' id='word_1_166' title='bbox 116 2370 271 2450; x_wconf 82' lang='lat' dir='ltr'>uoluptati</span> <span class='ocrx_word' id='word_1_167' title='bbox 292 2372 353 2434; x_wconf 83' lang='lat' dir='ltr'>stes</span> <span class='ocrx_word' id='word_1_168' title='bbox 364 2379 384 2444; x_wconf 79' lang='lat' dir='ltr'>tt</span> <span class='ocrx_word' id='word_1_169' title='bbox 395 2370 494 2435; x_wconf 82' lang='lat' dir='ltr'>Ibus</span> <span class='ocrx_word' id='word_1_170' title='bbox 521 2373 617 2454; x_wconf 71' lang='lat' dir='ltr'>(mter</span> <span class='ocrx_word' id='word_1_171' title='bbox 638 2373 719 2436; x_wconf 82' lang='lat' dir='ltr'>Ibus</span> <span class='ocrx_word' id='word_1_172' title='bbox 749 2374 801 2437; x_wconf 94' lang='lat' dir='ltr'>uel</span> <span class='ocrx_word' id='word_1_173' title='bbox 822 2375 869 2436; x_wconf 83' lang='lat' dir='ltr'>sis</span> <span class='ocrx_word' id='word_1_174' title='bbox 899 2373 987 2437; x_wconf 80' lang='lat' dir='ltr'>ibus«</span> <span class='ocrx_word' id='word_1_175' title='bbox 1019 2372 1217 2436; x_wconf 84' lang='lat' dir='ltr'><strong>Lachmann.</strong></span> <span class='ocrx_word' id='word_1_176' title='bbox 1247 2372 1279 2435; x_wconf 93' lang='lat' dir='ltr'>in</span> 
     </span>
     <span class='ocr_line' id='line_1_20' title="bbox 114 2468 364 2552; baseline 0.016 -21"><span class='ocrx_word' id='word_1_177' title='bbox 114 2468 200 2533; x_wconf 89' lang='lat' dir='ltr'>Lucr.</span> <span class='ocrx_word' id='word_1_178' title='bbox 223 2491 256 2552; x_wconf 89' lang='lat' dir='ltr'>p.</span> <span class='ocrx_word' id='word_1_179' title='bbox 281 2470 364 2550; x_wconf 78' lang='lat' dir='ltr'>non).</span> 
     </span>
    </p>

    <p class='ocr_par' dir='ltr' id='par_1_5' title="bbox 113 2571 1279 3160">
     <span class='ocr_line' id='line_1_21' title="bbox 191 2571 1278 2660; baseline 0.001 -25"><span class='ocrx_word' id='word_1_180' title='bbox 191 2571 333 2636; x_wconf 89' lang='lat' dir='ltr'>Restant</span> <span class='ocrx_word' id='word_1_181' title='bbox 353 2572 385 2636; x_wconf 92' lang='lat' dir='ltr'>hi</span> <span class='ocrx_word' id='word_1_182' title='bbox 409 2574 484 2649; x_wconf 86' lang='lat' dir='ltr'>loci,</span> <span class='ocrx_word' id='word_1_183' title='bbox 514 2574 631 2660; x_wconf 92' lang='lat' dir='ltr'>quibus</span> <span class='ocrx_word' id='word_1_184' title='bbox 652 2595 729 2638; x_wconf 90' lang='lat' dir='ltr'>nmn</span> <span class='ocrx_word' id='word_1_185' title='bbox 762 2575 832 2638; x_wconf 83' lang='lat' dir='ltr'>ibus</span> <span class='ocrx_word' id='word_1_186' title='bbox 853 2574 1059 2638; x_wconf 85' lang='lat' dir='ltr'>scribendum</span> <span class='ocrx_word' id='word_1_187' title='bbox 1081 2574 1122 2638; x_wconf 89' lang='lat' dir='ltr'>sit</span> <span class='ocrx_word' id='word_1_188' title='bbox 1144 2573 1278 2638; x_wconf 90' lang='lat' dir='ltr'>dubium</span> 
     </span>
     <span class='ocr_line' id='line_1_22' title="bbox 114 2671 1279 2757; baseline 0.003 -25"><span class='ocrx_word' id='word_1_189' title='bbox 114 2675 173 2734; x_wconf 89' lang='lat' dir='ltr'>est:</span> <span class='ocrx_word' id='word_1_190' title='bbox 196 2671 321 2736; x_wconf 91' lang='lat' dir='ltr'>Plaut.</span> <span class='ocrx_word' id='word_1_191' title='bbox 345 2672 438 2738; x_wconf 89' lang='lat' dir='ltr'>Truo.</span> <span class='ocrx_word' id='word_1_192' title='bbox 461 2675 528 2752; x_wconf 83' lang='lat'>110,</span> <span class='ocrx_word' id='word_1_193' title='bbox 554 2675 608 2757; x_wconf 90' lang='lat' dir='ltr'>qui</span> <span class='ocrx_word' id='word_1_194' title='bbox 633 2676 677 2738; x_wconf 89' lang='lat' dir='ltr'>ita</span> <span class='ocrx_word' id='word_1_195' title='bbox 694 2676 809 2755; x_wconf 85' lang='lat' dir='ltr'>legitur</span> <span class='ocrx_word' id='word_1_196' title='bbox 826 2675 857 2738; x_wconf 92' lang='lat' dir='ltr'>in</span> <span class='ocrx_word' id='word_1_197' title='bbox 881 2674 990 2738; x_wconf 85' lang='lat' dir='ltr'>codd:</span> <span class='ocrx_word' id='word_1_198' title='bbox 1018 2675 1060 2737; x_wconf 84' lang='lat' dir='ltr'>ibt</span> <span class='ocrx_word' id='word_1_199' title='bbox 1085 2674 1173 2737; x_wconf 76' lang='lat' dir='ltr'>sibus</span> <span class='ocrx_word' id='word_1_200' title='bbox 1198 2695 1279 2757; x_wconf 76' lang='lat' dir='ltr'>pnp-</span> 
     </span>
     <span class='ocr_line' id='line_1_23' title="bbox 113 2775 1278 2859; baseline 0.002 -27"><span class='ocrx_word' id='word_1_201' title='bbox 113 2791 170 2834; x_wconf 85' lang='lat' dir='ltr'>noe</span> <span class='ocrx_word' id='word_1_202' title='bbox 198 2780 226 2836; x_wconf 87' lang='lat' dir='ltr'>et</span> <span class='ocrx_word' id='word_1_203' title='bbox 258 2775 372 2836; x_wconf 80' lang='lat' dir='ltr'>uirtuti</span> <span class='ocrx_word' id='word_1_204' title='bbox 394 2775 432 2837; x_wconf 83' lang='lat' dir='ltr'>de</span> <span class='ocrx_word' id='word_1_205' title='bbox 449 2775 667 2859; x_wconf 82' lang='lat' dir='ltr'>praedonibus</span> <span class='ocrx_word' id='word_1_206' title='bbox 688 2775 845 2854; x_wconf 83' lang='lat' dir='ltr'>praedam</span> <span class='ocrx_word' id='word_1_207' title='bbox 869 2795 998 2858; x_wconf 83' lang='lat' dir='ltr'>oupere;</span> <span class='ocrx_word' id='word_1_208' title='bbox 1030 2793 1126 2856; x_wconf 90' lang='lat' dir='ltr'>quem</span> <span class='ocrx_word' id='word_1_209' title='bbox 1151 2791 1278 2837; x_wconf 89' lang='lat' dir='ltr'>versum</span> 
     </span>
     <span class='ocr_line' id='line_1_24' title="bbox 115 2869 1278 2958; baseline 0.001 -25"><span class='ocrx_word' id='word_1_210' title='bbox 115 2869 351 2936; x_wconf 87' lang='lat' dir='ltr'>Schoellius</span> <span class='ocrx_word' id='word_1_211' title='bbox 372 2874 415 2938; x_wconf 91' lang='lat' dir='ltr'>ita</span> <span class='ocrx_word' id='word_1_212' title='bbox 438 2875 592 2939; x_wconf 75' lang='lat' dir='ltr'>restituit:</span> <span class='ocrx_word' id='word_1_213' title='bbox 618 2875 639 2938; x_wconf 93' lang='lat' dir='ltr'><em>I</em></span> <span class='ocrx_word' id='word_1_214' title='bbox 644 2876 733 2938; x_wconf 81' lang='lat' dir='ltr'>bost</span> <span class='ocrx_word' id='word_1_215' title='bbox 755 2876 799 2938; x_wconf 84' lang='lat' dir='ltr'>tbi</span> <span class='ocrx_word' id='word_1_216' title='bbox 818 2880 970 2958; x_wconf 77' lang='lat' dir='ltr'>pupooet</span> <span class='ocrx_word' id='word_1_217' title='bbox 991 2875 1110 2937; x_wconf 69' lang='lat' dir='ltr'>uidust</span> <span class='ocrx_word' id='word_1_218' title='bbox 1127 2874 1164 2936; x_wconf 87' lang='lat' dir='ltr'>de</span> <span class='ocrx_word' id='word_1_219' title='bbox 1183 2893 1278 2956; x_wconf 84' lang='lat' dir='ltr'>prae·</span> 
     </span>
     <span class='ocr_line' id='line_1_25' title="bbox 116 2970 1279 3061; baseline 0.001 -28"><span class='ocrx_word' id='word_1_220' title='bbox 116 2970 245 3037; x_wconf 83' lang='lat' dir='ltr'>dontbus</span> <span class='ocrx_word' id='word_1_221' title='bbox 266 2975 421 3057; x_wconf 74' lang='lat' dir='ltr'>praedam</span> <span class='ocrx_word' id='word_1_222' title='bbox 443 2996 568 3061; x_wconf 83' lang='lat' dir='ltr'>oupere;</span> <span class='ocrx_word' id='word_1_223' title='bbox 592 2981 690 3058; x_wconf 85' lang='lat' dir='ltr'>atque</span> <span class='ocrx_word' id='word_1_224' title='bbox 709 2975 823 3039; x_wconf 87' lang='lat' dir='ltr'>Bacch.</span> <span class='ocrx_word' id='word_1_225' title='bbox 846 2978 871 3052; x_wconf 90' lang='grc'>1,</span> <span class='ocrx_word' id='word_1_226' title='bbox 885 2976 914 3051; x_wconf 80' lang='lat' dir='ltr'>n,</span> <span class='ocrx_word' id='word_1_227' title='bbox 928 2975 969 3039; x_wconf 76' lang='grc'>31</span> <span class='ocrx_word' id='word_1_228' title='bbox 991 2973 1094 3053; x_wconf 62' lang='lat' dir='ltr'>pto:</span> <span class='ocrx_word' id='word_1_229' title='bbox 1116 2980 1279 3058; x_wconf 84' lang='lat' dir='ltr'>praesente</span> 
     </span>
     <span class='ocr_line' id='line_1_26' title="bbox 117 3071 915 3160; baseline 0.006 -28"><span class='ocrx_word' id='word_1_230' title='bbox 117 3071 250 3150; x_wconf 78' lang='lat' dir='ltr'>(praesto</span> <span class='ocrx_word' id='word_1_231' title='bbox 272 3074 348 3153; x_wconf 83' lang='lat' dir='ltr'>Leo)</span> <span class='ocrx_word' id='word_1_232' title='bbox 372 3075 441 3139; x_wconf 84' lang='lat' dir='ltr'>ibus</span> <span class='ocrx_word' id='word_1_233' title='bbox 461 3077 528 3140; x_wconf 78' lang='lat' dir='ltr'>illio</span> <span class='ocrx_word' id='word_1_234' title='bbox 545 3077 747 3160; x_wconf 76' lang='lat' dir='ltr'>puedupoqus</span> <span class='ocrx_word' id='word_1_235' title='bbox 768 3083 803 3139; x_wconf 83' lang='lat' dir='ltr'>ot</span> <span class='ocrx_word' id='word_1_236' title='bbox 822 3075 915 3151; x_wconf 65' lang='grc'>311111</span> 
     </span>
    </p>

    <p class='ocr_par' dir='ltr' id='par_1_6' title="bbox 117 3171 1279 3460">
     <span class='ocr_line' id='line_1_27' title="bbox 192 3171 1279 3256; baseline -0.002 -19"><span class='ocrx_word' id='word_1_237' title='bbox 192 3173 338 3256; x_wconf 89' lang='lat' dir='ltr'>Denique</span> <span class='ocrx_word' id='word_1_238' title='bbox 360 3174 477 3238; x_wconf 80' lang='lat' dir='ltr'>btbns</span> <span class='ocrx_word' id='word_1_239' title='bbox 497 3177 652 3240; x_wconf 88' lang='lat' dir='ltr'>traditum</span> <span class='ocrx_word' id='word_1_240' title='bbox 676 3177 821 3240; x_wconf 89' lang='lat' dir='ltr'>videmus</span> <span class='ocrx_word' id='word_1_241' title='bbox 836 3176 928 3240; x_wconf 88' lang='lat' dir='ltr'>Cure.</span> <span class='ocrx_word' id='word_1_242' title='bbox 944 3175 1022 3238; x_wconf 83' lang='lat'>506:</span> <span class='ocrx_word' id='word_1_243' title='bbox 1045 3171 1164 3236; x_wconf 84' lang='lat' dir='ltr'>Eodem</span> <span class='ocrx_word' id='word_1_244' title='bbox 1178 3172 1279 3235; x_wconf 81' lang='lat' dir='ltr'>berete</span> 
     </span>
     <span class='ocr_line' id='line_1_28' title="bbox 117 3273 1278 3360; baseline 0.003 -30"><span class='ocrx_word' id='word_1_245' title='bbox 117 3289 167 3334; x_wconf 83' lang='lat' dir='ltr'>uos</span> <span class='ocrx_word' id='word_1_246' title='bbox 182 3294 264 3358; x_wconf 82' lang='lat' dir='ltr'>pono</span> <span class='ocrx_word' id='word_1_247' title='bbox 287 3281 315 3338; x_wconf 87' lang='lat' dir='ltr'>et</span> <span class='ocrx_word' id='word_1_248' title='bbox 333 3295 438 3354; x_wconf 85' lang='lat' dir='ltr'>paro:</span> <span class='ocrx_word' id='word_1_249' title='bbox 457 3277 622 3360; x_wconf 81' lang='lat' dir='ltr'>purissimi</span> <span class='ocrx_word' id='word_1_250' title='bbox 644 3279 715 3339; x_wconf 78' lang='lat' dir='ltr'>estis</span> <span class='ocrx_word' id='word_1_251' title='bbox 736 3276 872 3339; x_wconf 75' lang='lat' dir='ltr'>bibas.-</span> <span class='ocrx_word' id='word_1_252' title='bbox 885 3275 949 3346; x_wconf 79' lang='lat' dir='ltr'>ott</span> <span class='ocrx_word' id='word_1_253' title='bbox 970 3275 1081 3338; x_wconf 81' lang='lat' dir='ltr'>saltem·</span> <span class='ocrx_word' id='word_1_254' title='bbox 1104 3275 1137 3351; x_wconf 77' lang='lat' dir='ltr'>iu</span> <span class='ocrx_word' id='word_1_255' title='bbox 1154 3273 1278 3335; x_wconf 83' lang='lat' dir='ltr'>occultis</span> 
     </span>
     <span class='ocr_line' id='line_1_29' title="bbox 117 3370 1137 3460; baseline 0.004 -28"><span class='ocrx_word' id='word_1_256' title='bbox 117 3370 185 3434; x_wconf 83' lang='lat' dir='ltr'>torte</span> <span class='ocrx_word' id='word_1_257' title='bbox 204 3381 358 3452; x_wconf 79' lang='lat' dir='ltr'>prostant,</span> <span class='ocrx_word' id='word_1_258' title='bbox 381 3395 438 3439; x_wconf 82' lang='lat' dir='ltr'>uos</span> <span class='ocrx_word' id='word_1_259' title='bbox 458 3377 489 3438; x_wconf 86' lang='lat' dir='ltr'>in</span> <span class='ocrx_word' id='word_1_260' title='bbox 509 3375 582 3457; x_wconf 82' lang='lat' dir='ltr'>foro</span> <span class='ocrx_word' id='word_1_261' title='bbox 603 3379 677 3460; x_wconf 82' lang='lat' dir='ltr'>ipso,</span> <span class='ocrx_word' id='word_1_262' title='bbox 702 3376 754 3439; x_wconf 91' lang='lat' dir='ltr'>ubi</span> <span class='ocrx_word' id='word_1_263' title='bbox 779 3376 874 3456; x_wconf 86' lang='lat' dir='ltr'>longa</span> <span class='ocrx_word' id='word_1_264' title='bbox 897 3376 908 3437; x_wconf 86' lang='lat' dir='ltr'>i</span> <span class='ocrx_word' id='word_1_265' title='bbox 931 3377 1058 3438; x_wconf 90' lang='lat' dir='ltr'>servata</span> <span class='ocrx_word' id='word_1_266' title='bbox 1081 3377 1137 3437; x_wconf 87' lang='lat' dir='ltr'>est.</span> 
     </span>
    </p>

    <p class='ocr_par' dir='ltr' id='par_1_7' title="bbox 117 3473 1277 3855">
     <span class='ocr_line' id='line_1_30' title="bbox 193 3473 1277 3558; baseline -0.002 -21"><span class='ocrx_word' id='word_1_267' title='bbox 193 3473 281 3538; x_wconf 90' lang='lat' dir='ltr'>Haec</span> <span class='ocrx_word' id='word_1_268' title='bbox 305 3476 407 3539; x_wconf 85' lang='lat' dir='ltr'>torma</span> <span class='ocrx_word' id='word_1_269' title='bbox 429 3476 521 3539; x_wconf 83' lang='lat' dir='ltr'>bibus</span> <span class='ocrx_word' id='word_1_270' title='bbox 545 3497 564 3540; x_wconf 89' lang='lat' dir='ltr'>a</span> <span class='ocrx_word' id='word_1_271' title='bbox 586 3476 785 3558; x_wconf 86' lang='lat' dir='ltr'>pronominis</span> <span class='ocrx_word' id='word_1_272' title='bbox 808 3476 858 3538; x_wconf 82' lang='lat' dir='ltr'>tto</span> <span class='ocrx_word' id='word_1_273' title='bbox 880 3476 983 3552; x_wconf 79' lang='lat' dir='ltr'>lenius</span> <span class='ocrx_word' id='word_1_274' title='bbox 1005 3475 1100 3556; x_wconf 86' lang='lat' dir='ltr'>stirps</span> <span class='ocrx_word' id='word_1_275' title='bbox 1114 3473 1277 3554; x_wconf 89' lang='lat' dir='ltr'>primitiva</span> 
     </span>
     <span class='ocr_line' id='line_1_31' title="bbox 117 3570 1276 3655; baseline 0.003 -24"><span class='ocrx_word' id='word_1_276' title='bbox 117 3570 145 3633; x_wconf 92' lang='lat' dir='ltr'>in</span> <span class='ocrx_word' id='word_1_277' title='bbox 166 3595 182 3635; x_wconf 94' lang='lat' dir='ltr'>o</span> <span class='ocrx_word' id='word_1_278' title='bbox 203 3574 347 3639; x_wconf 85' lang='lat' dir='ltr'>vocalem</span> <span class='ocrx_word' id='word_1_279' title='bbox 371 3575 490 3655; x_wconf 84' lang='lat' dir='ltr'>exibat)</span> <span class='ocrx_word' id='word_1_280' title='bbox 518 3576 627 3640; x_wconf 84' lang='lat' dir='ltr'>nativa</span> <span class='ocrx_word' id='word_1_281' title='bbox 651 3577 865 3640; x_wconf 81' lang='lat' dir='ltr'>declinatione</span> <span class='ocrx_word' id='word_1_282' title='bbox 888 3576 1050 3639; x_wconf 90' lang='lat' dir='ltr'>abhorret.</span> <span class='ocrx_word' id='word_1_283' title='bbox 1102 3572 1154 3636; x_wconf 87' lang='lat' dir='ltr'>Ad</span> <span class='ocrx_word' id='word_1_284' title='bbox 1177 3591 1276 3654; x_wconf 92' lang='lat' dir='ltr'>quam</span> 
     </span>
     <span class='ocr_line' id='line_1_32' title="bbox 117 3668 1276 3757; baseline 0.002 -24"><span class='ocrx_word' id='word_1_285' title='bbox 117 3668 295 3752; x_wconf 83' lang='lat' dir='ltr'>fingendam</span> <span class='ocrx_word' id='word_1_286' title='bbox 318 3675 363 3740; x_wconf 89' lang='lat' dir='ltr'>ita</span> <span class='ocrx_word' id='word_1_287' title='bbox 386 3682 421 3739; x_wconf 94' lang='lat' dir='ltr'>ut</span> <span class='ocrx_word' id='word_1_288' title='bbox 443 3680 592 3740; x_wconf 87' lang='lat' dir='ltr'>accurate</span> <span class='ocrx_word' id='word_1_289' title='bbox 616 3676 748 3739; x_wconf 91' lang='lat' dir='ltr'>voculae</span> <span class='ocrx_word' id='word_1_290' title='bbox 772 3678 840 3738; x_wconf 78' lang='lat' dir='ltr'>ibus</span> <span class='ocrx_word' id='word_1_291' title='bbox 862 3675 1069 3757; x_wconf 84' lang='lat' dir='ltr'>responderet</span> <span class='ocrx_word' id='word_1_292' title='bbox 1093 3672 1276 3753; x_wconf 82' lang='lat' dir='ltr'>analogiam</span> 
     </span>
     <span class='ocr_line' id='line_1_33' title="bbox 118 3767 1276 3855; baseline 0.004 -26"><span class='ocrx_word' id='word_1_293' title='bbox 118 3767 285 3839; x_wconf 83' lang='lat' dir='ltr'>formarum</span> <span class='ocrx_word' id='word_1_294' title='bbox 310 3775 361 3838; x_wconf 81' lang='lat' dir='ltr'>bis</span> <span class='ocrx_word' id='word_1_295' title='bbox 383 3779 415 3839; x_wconf 88' lang='lat' dir='ltr'>et</span> <span class='ocrx_word' id='word_1_296' title='bbox 437 3780 465 3839; x_wconf 84' lang='lat' dir='ltr'>ts</span> <span class='ocrx_word' id='word_1_297' title='bbox 483 3775 550 3855; x_wconf 73' lang='lat' dir='ltr'>(ts)</span> <span class='ocrx_word' id='word_1_298' title='bbox 574 3776 756 3839; x_wconf 89' lang='lat' dir='ltr'>invitavisse</span> <span class='ocrx_word' id='word_1_299' title='bbox 781 3775 980 3839; x_wconf 88' lang='lat' dir='ltr'>crediderim.</span> <span class='ocrx_word' id='word_1_300' title='bbox 1021 3774 1056 3838; x_wconf 90' lang='lat' dir='ltr'>ld</span> <span class='ocrx_word' id='word_1_301' title='bbox 1079 3772 1167 3854; x_wconf 88' lang='lat' dir='ltr'>quod</span> <span class='ocrx_word' id='word_1_302' title='bbox 1189 3772 1276 3835; x_wconf 88' lang='lat' dir='ltr'>testi·</span> 
     </span>
    </p>
   </div>
   <div class='ocr_carea' id='block_1_3' title="bbox 119 3901 287 3915">
    <p class='ocr_par' dir='ltr' id='par_1_8' title="bbox 119 3901 287 3915">
     <span class='ocr_line' id='line_1_34' title="bbox 119 3901 287 3915; baseline -0.012 -5"><span class='ocrx_word' id='word_1_303' title='bbox 119 3901 287 3915; x_wconf 39' lang='grc' dir='ltr'>...ᾕ-</span> 
     </span>
    </p>
   </div>
   <div class='ocr_carea' id='block_1_4' title="bbox 121 3965 1275 4371">
    <p class='ocr_par' dir='ltr' id='par_1_9' title="bbox 122 3965 1274 4126">
     <span class='ocr_line' id='line_1_35' title="bbox 183 3965 1274 4040; baseline 0.001 -21"><span class='ocrx_word' id='word_1_304' title='bbox 183 3965 206 4034; x_wconf 81' lang='lat' dir='ltr'>ll</span> <span class='ocrx_word' id='word_1_305' title='bbox 224 3967 414 4022; x_wconf 84' lang='lat' dir='ltr'>Lachmannus</span> <span class='ocrx_word' id='word_1_306' title='bbox 442 3969 516 4023; x_wconf 87' lang='lat' dir='ltr'>enim</span> <span class='ocrx_word' id='word_1_307' title='bbox 542 3969 614 4023; x_wconf 91' lang='lat' dir='ltr'>hano</span> <span class='ocrx_word' id='word_1_308' title='bbox 640 3970 780 4040; x_wconf 79' lang='lat' dir='ltr'>egregiam</span> <span class='ocrx_word' id='word_1_309' title='bbox 801 3969 1023 4024; x_wconf 79' lang='lat' dir='ltr'>emendationem</span> <span class='ocrx_word' id='word_1_310' title='bbox 1041 3968 1155 4023; x_wconf 82' lang='lat' dir='ltr'>ascribit</span> <span class='ocrx_word' id='word_1_311' title='bbox 1173 3969 1274 4024; x_wconf 80' lang='lat' dir='ltr'>Havet-</span> 
     </span>
     <span class='ocr_line' id='line_1_36' title="bbox 122 4051 1206 4126; baseline 0.004 -21"><span class='ocrx_word' id='word_1_312' title='bbox 122 4051 229 4122; x_wconf 78' lang='lat' dir='ltr'>campio,</span> <span class='ocrx_word' id='word_1_313' title='bbox 248 4055 346 4108; x_wconf 86' lang='lat' dir='ltr'>Munro</span> <span class='ocrx_word' id='word_1_314' title='bbox 367 4056 442 4110; x_wconf 83' lang='lat' dir='ltr'>Isaac</span> <span class='ocrx_word' id='word_1_315' title='bbox 461 4055 564 4124; x_wconf 75' lang='lat' dir='ltr'>vossio,</span> <span class='ocrx_word' id='word_1_316' title='bbox 584 4055 812 4126; x_wconf 81' lang='lat' dir='ltr'>Neue-Wagcner</span> <span class='ocrx_word' id='word_1_317' title='bbox 832 4056 850 4109; x_wconf 93' lang='lat' dir='ltr'>l.</span> <span class='ocrx_word' id='word_1_318' title='bbox 868 4075 890 4110; x_wconf 92' lang='lat' dir='ltr'>c.</span> <span class='ocrx_word' id='word_1_319' title='bbox 910 4055 1069 4111; x_wconf 81' lang='lat' dir='ltr'>Abrahamo</span> <span class='ocrx_word' id='word_1_320' title='bbox 1087 4055 1206 4126; x_wconf 85' lang='lat' dir='ltr'>Preiger.</span> 
     </span>
    </p>

    <p class='ocr_par' dir='ltr' id='par_1_10' title="bbox 121 4139 1275 4371">
     <span class='ocr_line' id='line_1_37' title="bbox 182 4139 1275 4212; baseline 0.004 -21"><span class='ocrx_word' id='word_1_321' title='bbox 182 4139 208 4206; x_wconf 83' lang='lat'>2)</span> <span class='ocrx_word' id='word_1_322' title='bbox 227 4140 287 4194; x_wconf 91' lang='lat' dir='ltr'>Non</span> <span class='ocrx_word' id='word_1_323' title='bbox 307 4143 498 4210; x_wconf 82' lang='lat' dir='ltr'>praetermitto</span> <span class='ocrx_word' id='word_1_324' title='bbox 517 4142 545 4198; x_wconf 87' lang='lat' dir='ltr'>in</span> <span class='ocrx_word' id='word_1_325' title='bbox 560 4147 723 4212; x_wconf 85' lang='lat' dir='ltr'>argumento</span> <span class='ocrx_word' id='word_1_326' title='bbox 739 4143 867 4197; x_wconf 90' lang='lat' dir='ltr'>Plautino</span> <span class='ocrx_word' id='word_1_327' title='bbox 886 4144 975 4212; x_wconf 66' lang='lat' dir='ltr'>(Capt.</span> <span class='ocrx_word' id='word_1_328' title='bbox 990 4160 1050 4211; x_wconf 85' lang='lat' dir='ltr'>arg.</span> <span class='ocrx_word' id='word_1_329' title='bbox 1063 4143 1090 4209; x_wconf 83' lang='lat'>5)</span> <span class='ocrx_word' id='word_1_330' title='bbox 1107 4145 1168 4198; x_wconf 66' lang='lat' dir='ltr'>beu</span> <span class='ocrx_word' id='word_1_331' title='bbox 1186 4142 1275 4196; x_wconf 80' lang='lat' dir='ltr'>scribi.</span> 
     </span>
     <span class='ocr_line' id='line_1_38' title="bbox 121 4217 1273 4298; baseline 0.003 -20"><span class='ocrx_word' id='word_1_332' title='bbox 121 4217 167 4274; x_wconf 74' lang='lat' dir='ltr'>Sed</span> <span class='ocrx_word' id='word_1_333' title='bbox 185 4227 353 4296; x_wconf 82' lang='lat' dir='ltr'>argumentis</span> <span class='ocrx_word' id='word_1_334' title='bbox 377 4228 450 4296; x_wconf 91' lang='lat' dir='ltr'>quod</span> <span class='ocrx_word' id='word_1_335' title='bbox 469 4229 503 4282; x_wconf 86' lang='lat' dir='ltr'>ad</span> <span class='ocrx_word' id='word_1_336' title='bbox 522 4229 638 4298; x_wconf 88' lang='lat' dir='ltr'>priscam</span> <span class='ocrx_word' id='word_1_337' title='bbox 660 4229 828 4284; x_wconf 85' lang='lat' dir='ltr'>latinitatem</span> <span class='ocrx_word' id='word_1_338' title='bbox 846 4229 948 4284; x_wconf 86' lang='lat' dir='ltr'>attinet</span> <span class='ocrx_word' id='word_1_339' title='bbox 974 4247 1028 4284; x_wconf 91' lang='lat' dir='ltr'>non</span> <span class='ocrx_word' id='word_1_340' title='bbox 1048 4229 1165 4284; x_wconf 83' lang='lat' dir='ltr'>multam</span> <span class='ocrx_word' id='word_1_341' title='bbox 1182 4231 1273 4283; x_wconf 87' lang='lat' dir='ltr'>aucto-</span> 
     </span>
     <span class='ocr_line' id='line_1_39' title="bbox 121 4304 624 4371; baseline 0.018 -9"><span class='ocrx_word' id='word_1_342' title='bbox 121 4304 224 4366; x_wconf 70' lang='lat' dir='ltr'>ritatem</span> <span class='ocrx_word' id='word_1_343' title='bbox 241 4313 416 4369; x_wconf 86' lang='lat' dir='ltr'>tribuendam</span> <span class='ocrx_word' id='word_1_344' title='bbox 434 4333 491 4370; x_wconf 82' lang='lat' dir='ltr'>esse</span> <span class='ocrx_word' id='word_1_345' title='bbox 509 4320 624 4371; x_wconf 86' lang='lat' dir='ltr'>constat.</span> 
     </span>
    </p>
   </div>
   <div class='ocr_carea' id='block_1_5' title="bbox 0 0 1624 4994">
    <p class='ocr_par' dir='ltr' id='par_1_11' title="bbox 0 0 1624 4994">
     <span class='ocr_line' id='line_1_40' title="bbox 0 0 1624 4994; baseline 0 0"><span class='ocrx_word' id='word_1_346' title='bbox 0 0 1624 4994; x_wconf 95' lang='lat' dir='ltr'> </span> 
     </span>
    </p>
   </div>
  </div>
 </body>
</html>
