3238 4994
751 386 957 448 ..44-

351 568 387 629 Iu
411 566 544 629 Parva
568 564 660 628 Gen.
684 570 723 629 et
745 568 941 647 assumpt.
966 565 1058 628 Mos,
1083 564 1154 643 frg.
1177 561 1196 623 ᾖ
1217 562 1274 636 hii,
1300 563 1314 624 1
1339 561 1386 623 bi.

351 685 385 748 tn
407 684 680 748 Pentateuch.
704 685 814 748 libro
836 685 1030 766 Palimps.
1054 683 1209 747 Monac.
1238 684 1252 745 1
1277 682 1321 745 bi.

352 805 389 867 tn
421 803 550 866 codic.
583 804 718 867 Aureo
750 803 877 868 Hotm.
909 803 950 867 29
977 803 1024 865 hii
1053 801 1084 865 in
1116 807 1249 881 textu,
1286 806 1300 867 1
1333 804 1384 867 bii
1418 803 1450 864 in

271 905 419 986 praet,
444 904 602 967 nulium
627 904 684 968 bi!

352 1025 387 1086 In
410 1024 498 1086 Luc.
522 1023 662 1103 fragm.
685 1023 969 1086 Ambrosiano
992 1024 1010 1086 3
1032 1023 1074 1086 bi.

352 1145 387 1206 In
411 1141 603 1222 Evanget.
625 1142 710 1205 cod.
732 1142 882 1206 Monac.
906 1142 947 1204 bt
967 1141 1009 1205 hi.

353 1265 390 1326 In
411 1262 500 1325 Luc.
524 1264 561 1324 et
583 1260 701 1324 Marc.
724 1261 865 1341 fragm.
891 1260 1060 1324 Vindob.
1085 1261 1167 1324 aar.

354 1382 388 1444 In
409 1380 577 1462 epistul.
601 1380 760 1444 Paulin.
783 1380 925 1460 fragm.
946 1380 1121 1459 Frising.
1148 1382 1162 1443 1
1187 1380 1230 1457 bi,
1255 1381 1268 1442 1
1293 1380 1350 1444 bii.

355 1525 447 1588 Unde
470 1525 604 1598 efficitur
622 1525 758 1587 duorum
783 1523 1107 1587 demonstrativorum
1132 1523 1349 1587 nominativos
1375 1523 1451 1604 ptu-

272 1626 354 1689 rates
384 1625 551 1698 masculini
585 1625 708 1705 generis
740 1624 836 1706 piane
866 1624 897 1686 in
928 1644 1026 1687 unam
1055 1644 1165 1687 vocem
1199 1624 1326 1701 coiisse,
1359 1643 1452 1705 quae

272 1727 401 1808 quidem
425 1746 490 1789 non
514 1725 605 1789 aliter
627 1730 724 1806 atque
746 1731 757 1788 t
780 1725 945 1788 enuntiata
969 1745 1036 1788 esse
1058 1728 1180 1806 potest:
1208 1745 1306 1806 quam
1330 1745 1449 1789 vocem

273 1827 393 1890 librarii
423 1827 613 1907 plerumque
634 1825 682 1901 bi,
705 1845 949 1907 nonnumquam
975 1831 1099 1902 autem,
1122 1825 1178 1889 ubi
1199 1826 1284 1889 hanc
1307 1827 1450 1889 formam

272 1947 336 1991 non
359 1927 461 1990 solum
489 1927 531 1992 ad
553 1927 619 2003 hic,
650 1926 706 1989 sed
738 1927 835 1989 etiam
866 1927 907 1989 ad
932 1929 959 1988 is
988 1927 1146 2007 pertinere
1176 1927 1335 1992 recordati
1359 1931 1451 2002 suut,

272 2029 318 2091 bii
346 2029 529 2091 scribebant
561 2028 658 2109 idque
687 2047 920 2108 saepenumero
950 2028 1046 2090 etiam
1076 2028 1129 2090 ubi
1154 2047 1220 2091 non
1241 2027 1449 2110 pronominis

275 2132 317 2205 is,
351 2129 407 2192 sed
439 2129 637 2210 pronominis
668 2129 719 2191 tic
750 2129 853 2192 torma
882 2128 1100 2209 flagitabatur.
1151 2128 1234 2191 Nam
1266 2128 1329 2192 hae
1360 2129 1452 2192 duae

274 2232 395 2294 formae
419 2230 505 2294 nuilo
527 2229 623 2292 modo
641 2229 722 2292 inter
743 2249 776 2292 se
798 2229 962 2292 seiunctae
976 2233 1050 2292 sunt
1064 2265 1099 2273 -
1114 2229 1173 2291 nisi
1196 2229 1278 2292 forte
1300 2228 1450 2292 codicem

273 2331 434 2394 Titianum
458 2330 626 2410 excipiam,
650 2331 704 2393 ubi
726 2330 773 2393 bii
794 2330 838 2393 eis
859 2330 1059 2410 potissimum
1086 2330 1163 2393 locis
1178 2330 1365 2411 praefertur,
1392 2329 1452 2393 ubi

276 2433 444 2496 relativum
462 2431 615 2512 sequitur,
637 2434 671 2494 at
692 2451 733 2494 ne
755 2431 814 2494 iliis
831 2431 942 2511 paucis
960 2432 1089 2512 quidem
1112 2430 1189 2494 locis
1206 2431 1287 2494 haec
1309 2431 1360 2494 lex
1379 2432 1452 2495 sine

177 2595 179 2599 ,
274 2533 460 2614 exceptione
483 2531 578 2594 valet.

357 2633 504 2696 Ceterum
526 2651 598 2694 cum
617 2631 667 2693 his
682 2630 959 2695 observationibus
974 2632 1165 2712 Gregorii
1188 2632 1451 2695 Turonensis

275 2735 421 2798 codicum
438 2732 724 2795 vetustissimorum
737 2730 758 2808 ¹)
775 2731 954 2812 scripturae
971 2737 1090 2814 optime
1103 2733 1315 2796 consentiunt.
1347 2733 1452 2796 Docet

276 2836 359 2898 enim
384 2834 424 2897 M.
448 2831 640 2911 ssonnet2)
671 2832 703 2895 in
733 2832 783 2895 his
813 2834 1009 2897 membranis
1038 2839 1070 2896 et
1099 2835 1123 2896 a·
1145 2834 1283 2897 formam
1314 2834 1450 2898 omnino

276 2938 394 3011 deesse,
419 2939 450 2998 et
471 2935 518 2997 hii
539 2953 670 3016 prorsus
693 2933 806 2996 eadem
829 2934 860 2996 vi
883 2955 948 3016 qua
970 2935 1004 2996 hi
1026 2935 1183 3015 usurpari.
1216 2935 1328 3016 Neque
1351 2934 1451 3014 igitur

275 3038 309 3100 iri
330 3037 432 3100 sotum
456 3036 497 3099 ad
519 3034 586 3111 tric,
608 3034 656 3096 hii
675 3035 716 3097 ad
740 3035 768 3096 is
789 3053 967 3116 pronomen
997 3035 1113 3098 reterre
1135 3036 1200 3099 ullo
1224 3035 1320 3098 modo
1343 3035 1449 3099 licere.

275 3138 399 3200 Tamen
429 3135 694 3200 consuetudinem
719 3155 783 3217 qua
810 3135 857 3197 tii
880 3135 1065 3199 scribebant
1088 3152 1126 3200 ex
1148 3138 1173 3199 ii
1195 3137 1317 3200 formae
1342 3155 1449 3200 recor-

276 3240 407 3302 datione
428 3241 531 3300 ortam
558 3256 626 3299 esso
648 3236 714 3299 sive
736 3257 775 3299 ex
790 3237 974 3300 confusione
997 3257 1130 3301 casuum
1152 3238 1186 3301 bi
1209 3242 1240 3302 et
1264 3239 1302 3301 ii:
1326 3237 1377 3300 cui
1400 3237 1449 3300 iu·

276 3340 359 3402 dicio
381 3337 581 3402 subscribere
602 3356 667 3399 non
693 3337 899 3400 haesitamus.

360 3439 483 3515 Quibus
500 3438 595 3501 rebus
611 3437 745 3517 cognitis
760 3439 824 3501 iam
839 3458 902 3501 non
922 3439 1136 3501 dubitandum
1152 3443 1209 3516 est,
1227 3439 1304 3520 quin
1320 3442 1449 3519 praeter

278 3543 300 3603 a·
322 3544 353 3603 et
379 3542 390 3602 i
412 3539 510 3602 etiam
532 3540 560 3601 ci
582 3558 601 3601 a
625 3539 824 3602 nominativo
853 3539 887 3600 iri
909 3540 1001 3620 quasi
1023 3540 1213 3621 absorptum
1235 3539 1285 3602 sit.
1336 3538 1449 3621 Neque

278 3643 412 3705 sormam
444 3641 472 3704 ci
493 3639 584 3702 facile
606 3640 789 3703 conservari
817 3640 960 3721 potuisse
982 3641 1080 3704 etiam
1103 3659 1143 3704 ex
1172 3639 1449 3703 observationibus

278 3762 359 3824 quas
382 3742 422 3804 de
443 3740 642 3803 nominativo
674 3739 755 3821 plur.
779 3740 971 3804 feminini
995 3742 1119 3821 generis
1149 3741 1350 3804 instituemus
1372 3741 1450 3804 satis

278 3842 370 3906 nobis
391 3839 570 3923 apparebit.

283 3977 478 3985 —..-.——-—

348 4039 372 4106 1)
392 4037 444 4103 Qui
469 4037 504 4091 ad
522 4054 590 4091 saec.
610 4037 658 4090 VII
682 4037 825 4100 recedunt,
856 4058 879 4094 v.
901 4040 1020 4106 Bonnet,
1046 4040 1082 4094 Le
1101 4038 1181 4094 Latin
1207 4038 1240 4093 de
1260 4036 1391 4107 Gregoire
1416 4035 1450 4091 de

276 4124 369 4194 Toum,
390 4123 464 4179 Paris
486 4125 559 4191 1890,
578 4140 604 4191 p.
628 4127 666 4177 17.

346 4225 372 4294 2)
392 4225 428 4277 Μ.
448 4220 621 4294 nonaeque
642 4212 718 4276 latin,
736 4233 763 4286 p.
784 4215 899 4288 3o'tisqq.
