3238 4994
813 425 936 498 ..159
979 459 1018 468 ...

328 602 416 684 quod
438 602 591 682 exemplis
613 603 826 684 comprobare
850 604 932 666 licet.
985 600 1150 664 Invenitur
1172 599 1256 664 enim
1279 598 1351 661 talis
1374 600 1507 678 pertur-

327 703 416 766 batio
438 703 470 766 in
494 702 567 766 Gai
591 703 942 767 institutionibus
972 702 1082 765 codiee
1109 699 1339 763 Veronensi
1361 696 1507 770 traditis,
1593 783 1594 790 ἵ

329 808 364 867 ut
386 803 502 867 iterum
530 803 593 867 boc
621 803 769 885 exemplo
800 804 913 868 illustri
944 807 1034 878 utar;
1065 802 1103 866 el.
1134 820 1218 882 quae
1240 797 1508 863 Studemund
1593 793 1594 796 ’

329 905 360 966 in
391 904 570 986 apographi
600 903 704 968 indice
734 904 777 986 (p.
801 907 862 969 318
879 925 948 986 sqq.
978 924 1003 967 s,
1023 924 1054 967 v.
1083 903 1142 965 hue
1172 904 1204 965 et
1232 900 1283 964 bic
1305 909 1333 964 ct
1355 902 1385 961 is
1418 919 1451 962 n.
1475 897 1507 977 5)

329 1005 370 1067 de
393 1005 452 1067 illis
476 1005 586 1068 formis
608 1004 782 1069 rettulerit:
809 1028 870 1090 pro
892 1027 960 1068 eae
981 1003 1044 1086 [uel
1065 1003 1151 1084 hue]
1183 1003 1277 1082 (uerri.
1303 1003 1393 1085 plur.
1416 999 1508 1082 fene.)

329 1107 482 1189 seriptum
511 1111 553 1168 est
575 1126 619 1169 ue
707 1106 866 1187 heum
896 1105 976 1187 conf.
1003 1106 1094 1184 bae,
1124 1109 1157 1168 et
1185 1102 1282 1185 paulo
1307 1107 1403 1166 ante:
1435 1100 1510 1163 bue

330 1207 425 1286 (elom.
448 1225 493 1291 sp.
514 1205 602 1288 fem.)
624 1206 727 1289 sculpo.

414 1307 616 1372 Studemund
649 1308 745 1390 igitur
776 1307 913 1372 adnotat
944 1308 976 1371 in
1004 1305 1212 1389 palimpsesto
1241 1309 1274 1368 et
1303 1326 1340 1367 uu
1369 1308 1402 1368 et
1434 1303 1511 1366 haue

331 1408 493 1473 interdum
526 1409 666 1492 positum
700 1429 778 1474 esse.
836 1409 940 1487 Quam
975 1414 1147 1490 utramque
1174 1408 1365 1490 scripturam
1401 1411 1435 1470 et
1468 1406 1510 1468 ad

331 1509 390 1573 bue
411 1514 443 1574 et
466 1511 508 1574 ad
531 1531 584 1573 eae
606 1510 714 1574 referri
739 1531 831 1592 posse
854 1510 1059 1574 manifestum
1089 1513 1146 1573 est.
1198 1508 1322 1586 Quibus
1343 1505 1510 1571 scribendi

331 1611 510 1675 rationibus
545 1611 665 1692 optime
684 1623 688 1632 ’
706 1611 883 1675 illustratur
922 1610 1067 1674 librarios
1107 1610 1190 1673 iuter
1225 1610 1305 1672 duas
1338 1609 1410 1673 illas
1446 1608 1510 1671 ior-

332 1731 403 1775 mas
435 1711 675 1793 pronominales
704 1712 765 1776 leue
793 1717 825 1776 et
857 1733 909 1775 cue
942 1712 1108 1775 fluctuare.
1167 1711 1310 1775 Eandem
1344 1707 1509 1773 scribendi
1595 1723 1596 1728 ¹

333 1811 522 1876 varietatem
556 1811 756 1877 dubitatione
785 1813 927 1895 quadam
956 1818 1062 1876 ortam
1086 1812 1184 1876 etiam
1207 1817 1320 1893 postea
1342 1811 1509 1874 interdum

332 1912 439 1976 nescio
462 1932 519 1976 cur
538 1918 700 1978 servatam
728 1913 882 1990 videmus
906 1914 946 1977 de
968 1934 1035 1995 qua
1056 1933 1091 1977 re
1114 1933 1199 1996 quae
1220 1933 1317 1994 supra
1337 1912 1510 1976 attulimus

333 2012 538 2078 conferenda.
910 2025 912 2028 ’
1596 2075 1597 2082 ,

415 2113 505 2178 Haec
527 2114 567 2178 de
583 2114 643 2178 bue
659 2118 693 2178 et
710 2136 762 2178 cue
778 2115 954 2178 formarum
975 2115 1160 2178 confusione
1176 2114 1345 2178 sufficiant.
1380 2113 1509 2192 Quibus
1596 2107 1597 2110 ’

335 2215 489 2279 docemur
516 2235 582 2279 non
604 2217 707 2279 solum
737 2216 857 2279 formas
880 2217 906 2279 ii
928 2215 965 2295 (i)
989 2220 1019 2278 et
1045 2216 1086 2278 iis
1108 2217 1137 2278 is
1159 2215 1215 2278 sed
1238 2216 1335 2278 etiam
1360 2215 1389 2277 ei
1411 2219 1445 2278 et
1466 2214 1509 2275 eis

334 2316 468 2380 -lieet
489 2316 648 2398 scriptura
670 2318 699 2380 ei
720 2320 752 2380 et
772 2319 817 2380 eis
840 2317 936 2380 etiam
955 2319 1078 2397 postea,
1101 2320 1137 2379 ut
1156 2316 1304 2388 vidimus,
1327 2315 1505 2398 separatim

333 2421 514 2498 propagata
536 2417 725 2481 sit—certe
742 2421 851 2481 tamen
875 2417 934 2479 illis
956 2417 995 2480 de
1017 2417 1134 2498 quibus
1156 2417 1281 2497 agimus
1303 2415 1507 2498 temporibus

333 2517 522 2581 iamdudum
553 2517 683 2581 abiet
710 2518 760 2580 bis
791 2518 901 2581 formis
931 2517 1090 2598 segregari
1121 2517 1240 2581 desitas
1264 2537 1340 2581 esse.
1394 2518 1509 2580 Elueet

333 2617 418 2681 euim
442 2637 481 2682 ex
499 2617 777 2683 observationibus
793 2638 875 2700 quas
889 2618 1040 2699 proposui
1057 2639 1072 2680 e
1088 2618 1238 2693 litteram,
1258 2638 1357 2699 quam
1381 2619 1508 2682 litterae

333 2719 346 2780 i
367 2718 563 2782 simillimam
585 2718 680 2782 fuisse
702 2738 801 2800 supra
824 2718 1003 2799 attigimus,
1028 2738 1102 2782 cum
1125 2719 1138 2780 i
1159 2717 1264 2782 littera
1286 2719 1507 2801 subsequente

334 2819 514 2883 necessario
545 2819 698 2884 inunum
731 2820 744 2880 i
771 2820 916 2883 vocalem
939 2820 1069 2900 longam
1093 2819 1212 2883 coiisse.
1266 2819 1377 2901 Neque
1410 2819 1509 2900 igitur

334 2920 473 2984 dubitari
503 2924 610 3002 potest
639 2921 717 3002 quin
747 2921 843 2984 etiam
875 2921 918 2984 eis
940 2924 971 2983 et
993 2920 1044 2982 bis
1074 2921 1212 2996 formae,
1242 2940 1444 3001 quamquam
1476 2918 1505 2980 in

334 3040 408 3084 mss
422 3021 566 3085 consulto
589 3021 671 3084 inter
690 3041 724 3085 se
746 3021 883 3102 disiungi
905 3021 1063 3097 videntur,
1087 3021 1249 3084 cotidiano
1271 3040 1419 3084 sermone
1443 3037 1507 3082 una

334 3122 514 3203 eademque
536 3121 660 3184 ratione
683 3122 841 3185 enuntiati
863 3123 942 3198 sint,
966 3122 1053 3202 quod
1075 3122 1138 3184 iam
1162 3122 1339 3184 secundum
1362 3137 1507 3203 eaquae

335 3220 376 3287 de
396 3223 425 3286 ei
446 3226 477 3285 et
498 3222 546 3299 lei,
571 3222 611 3285 de
633 3243 687 3287 cuc
709 3226 742 3286 et
763 3222 822 3285 bue
845 3223 954 3286 formis
977 3225 1144 3298 constant,
1167 3242 1248 3304 quas
1270 3227 1301 3285 et
1324 3223 1409 3304 ipsas
1433 3240 1507 3285 coa-

334 3322 429 3386 luisse
457 3322 619 3399 videmus,
650 3323 789 3402 flagitari
819 3323 943 3387 dixeris
995 3324 1103 3404 Atque
1135 3323 1195 3386 boe
1225 3325 1270 3386 ita
1302 3344 1369 3387 esse
1399 3321 1506 3386 multis

336 3422 412 3485 loeis
435 3441 534 3504 supra
556 3423 670 3498 allatis,
703 3424 758 3487 ubi
780 3427 813 3486 et
837 3425 882 3486 eis
903 3444 962 3506 pro
984 3424 1034 3486 lis
1056 3428 1088 3488 et
1109 3425 1159 3487 lis
1181 3445 1240 3506 pro
1263 3426 1307 3486 eis
1329 3445 1346 3486 a
1371 3422 1506 3488 librariis

336 3523 508 3586 emendata
540 3522 704 3600 videmus,
745 3524 822 3588 satis
856 3525 1101 3606 comprobatur:
1137 3526 1175 3588 cl'.
1209 3526 1277 3605 Dig.
1313 3527 1341 3588 ll
1374 3527 1445 3604 855,
1468 3522 1507 3586 34

334 3621 419 3686 ‘iude
440 3622 499 3685 us*
522 3624 596 3687 inde
617 3625 661 3687 eis
682 3625 736 3701 F2,
765 3624 820 3688 ubi
846 3626 1064 3706 neglegentia,
1094 3630 1132 3689 ut
1153 3625 1295 3705 videtur,
1321 3626 1434 3690 eadem
1457 3623 1504 3687 bis

336 3723 464 3805 scripta.
497 3723 591 3788 Certe
612 3725 712 3789 altera
729 3725 832 3789 forma
851 3745 943 3807 pron.
967 3745 1024 3806 per
1044 3745 1183 3790 errorem
1207 3727 1396 3806 intercurrit,
1421 3723 1505 3810 quod

337 3824 405 3887 fieri
427 3824 480 3888 vix
501 3825 608 3905 potuit
630 3825 690 3888 nisi
711 3825 761 3889 bis
783 3826 911 3890 duabus
930 3826 1089 3891 scribendi
1105 3827 1284 3891 rationibus
1301 3848 1365 3892 una
1381 3833 1504 3892 tantum

337 3945 400 3989 vox
421 3925 672 4005 significabatur.
724 3926 880 4008 Multique
909 3927 962 3991 alii
991 3927 1150 3990 scribendi
1175 3947 1314 4006 erroreS,
1347 3948 1364 3992 e
1392 3929 1505 4012 quibus

339 4024 564 4088 memorabiles
587 4045 684 4108 supra
708 4026 883 4105 attulimus,
907 4027 981 4091 buic
1004 4027 1047 4090 rei
1072 4027 1255 4092 testimonio
1276 4034 1360 4094 sunt.

419 4125 566 4206 Denique
582 4127 614 4190 in
630 4127 818 4191 memoriam
836 4128 928 4192 nobis
944 4128 1127 4191 reducimus
1137 4129 1201 4192 iam
1215 4134 1292 4194 ante.
1307 4131 1502 4213 Digestorum

339 4231 487 4307 tempora
510 4228 537 4290 is
559 4233 588 4293 et
611 4228 661 4290 bie
681 4229 873 4308 pronomina
895 4230 937 4294 ita
960 4229 1119 4310 permixta
1140 4249 1226 4308 esse,
1257 4231 1353 4296 veluti
1383 4233 1415 4296 in
1437 4225 1504 4296 Gai
