3238 4994
639 435 845 498 ,93-

216 618 319 688 cuuto,
340 619 441 684 curali
453 612 581 692 miniari
601 613 708 698 plural
733 610 963 692 derrorioubrml
987 612 1056 676 cius
1078 610 1242 694 colendae)
1265 613 1324 678 ad·

213 713 283 790 crit,
307 718 439 798 quotque
460 713 498 776 de
520 713 584 777 llis
605 713 834 784 rebuslmaior
855 733 934 798 pars
955 733 1061 776 eorum
1091 714 1146 798 qui
1175 717 1242 776 tum
1265 713 1323 776 ad·

214 820 308 876 erum
329 815 521 877 constituerit
535 822 544 885 l
557 816 582 878 it
605 816 656 878 ius
677 821 843 899 ratumque
865 819 935 878 esto.

150 927 580 1007 demLM:

218 1033 278 1114 ΙΙΙ
294 1037 345 1099 uir
365 1038 409 1101 ud
429 1057 517 1118 quem
541 1038 579 1102 dc
600 1059 637 1102 eo
658 1059 692 1102 re
714 1039 749 1102 in
770 1040 820 1101 ius
843 1037 968 1100 aditum
990 1037 1059 1114 erit,
1080 1037 1133 1100 ubi
1152 1036 1321 1114 iudicibus,

213 1137 302 1215 aliteri
320 1156 397 1216 quoe
418 1158 453 1200 ea
472 1157 523 1200 res
541 1144 660 1221 aquiur,
682 1137 798 1201 maiori
815 1139 904 1216 parti
923 1157 1033 1200 earum
1049 1138 1183 1216 planum
1199 1136 1321 1218 facturn

213 1237 372 1312 nonnil,
404 1257 473 1299 eum
504 1237 543 1300 de
574 1258 634 1318 qao
664 1237 816 1301 iudiciuin
845 1236 956 1300 datum
988 1243 1034 1300 est
1058 1236 1238 1300 decurionis
1258 1233 1321 1299 loco

214 1335 381 1415 iudipnum
401 1357 463 1400 csse
484 1336 567 1419 ram]
580 1345 600 1409 ll
611 1339 666 1418 quoi
689 1337 891 1402 accusabitur
912 1337 951 1399 ab
969 1336 1008 1400 iri
1015 1357 1031 1400 s
1054 1335 1219 1413 iudicibus,
1242 1354 1274 1398 co
1287 1336 1320 1414 (l)

213 1435 224 1494 i
228 1434 330 1498 udicio
351 1435 472 1499 absolui
483 1445 492 1508 l
504 1437 612 1501 iubeto.

234 1549 287 1613 Bis
309 1549 405 1630 igitur
427 1551 478 1614 tir
500 1572 558 1633 pro
589 1555 629 1617 iis
659 1553 785 1618 videtur
814 1552 890 1616 mibi
921 1551 1074 1632 scriptum
1107 1567 1191 1622 esse;
1222 1551 1320 1629 atque

149 1649 204 1711 illo
238 1651 301 1712 iam
339 1655 484 1732 tempore
514 1653 560 1722 ita
592 1654 690 1717 errari
721 1653 862 1736 potuisse
896 1652 945 1714 bis
975 1650 1070 1714 rebus
1098 1648 1318 1713 confirmatur.

152 1747 298 1812 Primum
323 1751 408 1814 enirn
436 1751 513 1831 legis
542 1754 687 1835 scriptori
711 1754 840 1818 dativus
863 1773 887 1816 s,
910 1750 1071 1814 ablativus
1094 1748 1268 1830 simplicior
1292 1749 1320 1810 is

148 1867 214 1911 non
235 1849 363 1926 ignotus
380 1850 448 1923 luit,
465 1871 559 1933 quem
580 1855 676 1917 semel
694 1855 848 1936 seriptum
864 1853 1009 1916 videmus
1023 1850 1090 1913 tab.
1107 1850 1137 1912 ll
1155 1847 1212 1912 col.
1225 1846 1318 1924 232:

149 1949 174 2010 it
195 1949 232 2011 is
252 1946 384 2029 focetrc
406 1949 503 2016 liceto.
537 1953 659 2018 Deinde
682 1953 766 2017 idem
789 1953 886 2016 etiam
910 1971 969 2034 pro
992 1948 1192 2014 nominativo
1214 1966 1259 2026 sg.
1276 1965 1317 2008 m.

147 2045 228 2110 salso
253 2048 293 2110 iis
315 2047 476 2113 exaravit:
506 2050 542 2114 et.
566 2051 633 2115 tab.
658 2054 703 2116 [ll
732 2054 790 2116 col.
813 2051 909 2128 ouo:
932 2070 990 2113 cur
1010 2049 1066 2111 iis
1088 2046 1243 2127 nepotiani
1264 2043 1317 2124 fa·

145 2151 256 2220 cesset3
287 2147 330 2211 ad
353 2147 441 2228 quod
471 2148 623 2213 urendum
653 2149 762 2214 induci
792 2169 857 2213 non
883 2148 1006 2230 potuit,
1029 2145 1088 2210 nisi
1110 2144 1175 2207 iam
1199 2146 1268 2206 tum
1291 2142 1318 2203 is

145 2248 179 2307 et
201 2245 242 2306 iis
263 2245 347 2309 idem
372 2246 438 2310 fere
459 2247 620 2311 sonabant
641 2248 708 2311 sive
726 2249 769 2311 ad
788 2247 872 2310 idem
890 2243 1136 2325 significandum
1161 2243 1316 2322 usurpata

145 2347 247 2405 erant.
291 2343 436 2426 Denique
458 2346 545 2427 quod
568 2347 610 2410 ad
633 2345 862 2426 aspirationem
886 2343 1030 2426 spuriam
1051 2340 1175 2414 attinet,
1199 2337 1317 2402 suflicit

144 2457 220 2502 eum
242 2440 374 2504 tabulae
396 2443 502 2508 locum
525 2444 684 2519 conterre,
717 2443 771 2506 ubi
793 2461 853 2525 pro
883 2439 1082 2506 nominativo
1112 2439 1139 2500 is
1162 2436 1241 2500 falso
1265 2433 1316 2498 liis

143 2543 313 2602 exaratum
345 2545 412 2605 est:
441 2543 506 2605 tab.
530 2543 576 2605 Ill
605 2542 662 2605 col.
684 2543 757 2618 ᾖδε
786 2541 851 2604 bis
882 2542 937 2620 qai
966 2559 1031 2602 rem
1053 2555 1204 2618 quaerere
1227 2532 1314 2613 (siet)

143 2633 235 2716 (pro2
267 2637 367 2722 isqui
387 2659 453 2704 rem
475 2639 624 2724 quaeret).
674 2638 745 2716 Quo
770 2638 895 2702 accedit
918 2637 1006 2720 quod
1027 2635 1163 2699 aliorum
1185 2651 1315 2715 quoque

146 2732 340 2798 mendorum
364 2735 445 2801 baec
468 2738 580 2802 tabula
603 2735 697 2819 plena
722 2740 778 2799 est.

227 2831 387 2908 Quoniam
418 2835 513 2916 igitur
544 2836 618 2900 locis
647 2837 773 2900 duobus
802 2854 883 2916 quos
905 2833 1033 2898 exhibui
1064 2833 1129 2897 dal.
1161 2831 1227 2895 sive
1250 2829 1313 2893 abl.

143 2929 194 2992 lois
222 2935 308 2995 certe
337 2950 402 2997 non
432 2935 545 2999 eadem
578 2935 608 2999 vi
637 2932 891 2998 demonstrativa
920 2949 985 3013 qua
1014 2935 1140 2994 ceterae
1170 2927 1312 2992 eiusdem

143 3030 344 3109 pronominis
365 3031 489 3096 formae
510 3038 684 3116 usurpatus
707 3036 771 3108 est,
798 3030 943 3094 conicere
966 3028 1080 3093 saltem
1097 3027 1177 3091 licet
1199 3027 1242 3089 ibi
1264 3025 1314 3088 bis

143 3144 203 3206 pro
228 3128 256 3189 is
276 3129 430 3210 scriplum
455 3151 532 3195 esse.
587 3133 679 3196 Certe
709 3137 776 3194 tum
806 3130 870 3193 iam
896 3129 963 3192 eius
992 3124 1232 3210 depravationis
1254 3124 1312 3187 ini-

144 3222 222 3285 tium
247 3223 366 3289 lactum
389 3249 457 3292 esse
479 3230 606 3294 videtur
628 3249 702 3313 qua,
727 3247 798 3292 cum
822 3228 945 3292 forulae
967 3227 1069 3291 biset
1092 3228 1119 3288 is
1141 3223 1311 3305 permisce·

144 3324 269 3400 rentur,
294 3324 390 3389 etiam
414 3319 610 3392 notiones
633 3347 744 3392 aarum
777 3326 882 3389 minus
904 3345 1002 3408 quam
1027 3328 1207 3388 ceterarum
1230 3321 1312 3385 inter

145 3438 179 3481 se
200 3419 374 3485 distabant.

227 3517 325 3583 Cuius
346 3521 540 3587 confusionis
562 3523 819 3605 antiquissimum
843 3522 930 3605 quod
955 3515 1033 3585 mihi
1056 3525 1168 3586 nolum
1188 3525 1236 3584 est
1257 3539 1311 3583 ex·

144 3615 285 3696 emplum
316 3617 534 3684 indubitatum
564 3622 595 3684 in
627 3621 715 3702 lege
738 3623 768 3685 M
777 3622 1014 3696 ulaoitana‚
1045 3620 1127 3684 inter
1155 3638 1258 3682 annos
1279 3637 1310 3699 p.

142 3711 218 3776 Chr.
240 3714 279 3778 81
303 3718 335 3779 et
357 3717 399 3781 84
420 3718 549 3800 scripta,
574 3720 771 3797 invenitur.¹)
815 3721 849 3783 ln
873 3739 937 3802 qua
961 3719 1072 3784 tabula
1094 3724 1143 3782 ter
1163 3718 1214 3780 liis
1235 3721 1311 3782 ante

143 3845 339 3856 -—-——.

213 3906 239 3973 ll
259 3906 309 3962 Ed.
333 3909 363 3963 in
382 3910 439 3964 CIL
458 3911 484 3964 Il
503 3929 528 3981 p.
549 3913 600 3966 256
625 3931 652 3966 n.
674 3915 748 3968 1964.
791 3914 917 3969 Ceterum
943 3915 1048 3968 formae
1072 3917 1116 3967 his
1139 3931 1206 3982 quau
1225 3919 1311 3970 ante

141 3990 230 4060 legem
263 3992 459 4050 Malacitunam
490 3997 606 4052 relativo
635 3999 803 4068 antepositas
830 3998 953 4053 videmus
985 3998 1092 4054 facilem
1123 3997 1310 4054 detonsionem

140 4073 253 4131 habent.
297 4078 336 4132 of.
356 4096 417 4148 ag.
436 4080 512 4150 Leg.
537 4099 621 4136 arae
638 4085 784 4151 August.
804 4083 1050 4139 Narbonensis
1072 4083 1145 4138 inter
1172 4100 1258 4138 annos
1278 4085 1307 4137 ll

139 4163 168 4214 et
189 4162 289 4216 12-13
302 4181 330 4233 p.
347 4162 410 4218 Chr.
425 4183 452 4220 n.
467 4163 585 4236 scriptae
604 4170 694 4223 locum
712 4169 779 4237 (CIL
795 4169 848 4222 Xll
868 4188 893 4223 n.
908 4169 1003 4238 4333):
1024 4168 1049 4222 ΙΙ
1071 4168 1221 4234 (inlabere)
1243 4186 1267 4220 v.
1278 4171 1308 4221 8:

138 4246 175 4298 iri
180 4263 195 4298 e
206 4248 308 4314 leuibus
321 4250 434 4320 ilioque
446 4255 599 4319 ropionibus
612 4255 680 4309 dabo
694 4256 868 4325 dedicaboque
877 4273 944 4324 quiae
958 4256 1002 4306 ln'c
1011 4255 1088 4306 bodie
1096 4254 1192 4322 palam
1205 4253 1308 4306 dixero.
