3238 4994
654 426 862 488 -l5..

169 598 338 664 buiusdcm
362 598 445 680 (137,
457 597 490 681 5)
511 601 665 684 scripturn
688 602 871 685 videmus.¹)
904 603 975 669 Non
998 605 1135 670 multum
1161 606 1260 688 igitur
1285 607 1345 672 illis

166 705 253 765 certe
274 701 474 782 temporibus
493 702 686 783 pronomina
709 703 793 768 inter
815 724 850 768 se
872 705 1046 770 distabant.

252 801 376 865 Tamen
392 799 474 864 haec
489 801 673 868 observatio
689 805 838 886 quamvis
855 809 941 870 recte
958 805 1102 870 instituta
1122 825 1187 871 non
1204 807 1341 883 sufficit3

170 920 275 982 neque
296 901 382 965 enirn
404 900 479 965 inde
498 899 650 966 idoneum
667 904 862 986 explicatum
883 905 992 984 babet,
1015 905 1103 988 quod
1119 925 1214 970 voces
1231 907 1267 971 m
1280 907 1342 986 bis,

172 1002 199 1063 ii
219 1001 260 1064 iis
279 1020 344 1065 non
365 1000 468 1064 solum
492 1000 671 1080 interdum,
698 1004 756 1068 sed
780 1005 878 1069 etiam
902 1005 1033 1069 omnino
1055 1006 1232 1087 permixtas
1253 1012 1285 1070 et
1307 1007 1340 1072 in

170 1119 272 1164 unum
295 1100 444 1165 confusas
472 1120 540 1165 esse
561 1101 717 1167 videmus.
769 1103 862 1182 Quod
894 1106 1049 1171 concedet
1077 1105 1133 1188 qui
1158 1106 1240 1171 haec
1263 1107 1342 1171 mihi

171 1201 399 1282 pensitaverit:

256 1301 401 1366 Primum
424 1304 526 1369 multo
550 1307 628 1369 ante
648 1304 727 1369 illud
748 1308 892 1386 tempus,
916 1324 981 1386 quo
1003 1305 1202 1387 pronominis
1222 1307 1274 1371 bie
1296 1306 1344 1371 vis

173 1401 427 1468 demonstrativa
457 1404 590 1469 omnino
619 1404 789 1469 imminuta
819 1408 883 1482 est,
916 1405 976 1469 has
1004 1405 1087 1469 duas
1112 1405 1233 1471 iormas
1259 1426 1345 1489 quae

174 1506 247 1566 sunt
276 1502 312 1566 ti
333 1506 366 1567 et
386 1504 436 1568 laio
458 1505 607 1587 usurpari
628 1505 792 1582 videmus,
823 1505 877 1569 ubi
901 1506 929 1568 ei
957 1509 989 1569 et
1018 1506 1063 1567 eis
1092 1505 1281 1587 flagitantur
1304 1540 1341 1550 —

172 1602 260 1683 quod
289 1603 373 1669 inira
401 1604 478 1669 locis
500 1605 660 1669 nonnullis
689 1624 727 1668 ex
749 1604 1009 1688 inscriptionibus
1037 1605 1142 1670 allatis
1163 1605 1343 1688 apparebit.

257 1702 379 1767 Deinde
400 1703 434 1767 lu'
455 1708 488 1769 et
514 1705 564 1769 leis
585 1705 716 1770 omnino
739 1705 941 1787 saepissime,
972 1709 1096 1770 ceteras
1127 1705 1247 1770 formas
1269 1725 1344 1770 raro

172 1801 206 1864 vi
234 1821 293 1866 sua
314 1803 567 1870 demonstrativa
590 1805 719 1870 destitui
741 1806 896 1870 videmus.
948 1806 1075 1870 Scilicet
1097 1806 1140 1870 ad
1163 1806 1343 1884 relativum,

173 1901 263 1984 quod
286 1904 439 1985 sequitur,
463 1905 628 1986 permultis
650 1905 727 1970 locis
748 1906 782 1969 bi
804 1910 836 1970 et
857 1906 924 1984 leis,
948 1926 1110 1989 nusquam
1133 1905 1198 1970 lere
1220 1910 1344 1971 ceteras

174 2002 294 2067 formas
314 2009 460 2086 spectare
483 2005 671 2070 invenimus.
723 2005 818 2084 Quod
846 2007 979 2070 maximi
1010 2007 1162 2072 nimirum
1191 2005 1345 2088 ponderis

173 2106 234 2191 est⁸
243 2106 275 2167 et
296 2123 390 2168 suum
413 2105 473 2169 sibi
497 2105 595 2187 exigit
614 2106 818 2188 explicatum.

258 2203 402 2286 Denique
424 2204 478 2268 ubi
501 2205 702 2287 pronominis
723 2207 806 2270 idem
828 2206 957 2271 dativus
977 2205 1043 2269 sive
1064 2205 1224 2270 ablativus
1246 2203 1344 2286 signi·

173 2301 321 2367 ficandus
342 2309 420 2382 eret,
443 2305 508 2369 iam
527 2305 602 2369 inde
623 2306 666 2370 ab
680 2306 848 2388 Augustea
868 2309 974 2371 aetate
996 2305 1116 2368 hisdem
1131 2305 1343 2386 usurpabant,

172 2403 317 2468 similiter
345 2404 489 2468 nonnulli
519 2405 616 2470 etiam
645 2405 769 2470 bidem:
801 2425 963 2489 nusquam
991 2408 1101 2470 eutem
1126 2404 1179 2468 illa
1210 2404 1343 2487 quidem

174 2508 281 2568 aetate
311 2504 375 2568 alia
402 2504 602 2586 pronominis
629 2505 680 2570 lie
709 2506 814 2571 forma
844 2506 988 2590 syllabae
1017 2507 1087 2570 dem
1119 2504 1264 2588 praefixa
1295 2504 1343 2567 in·

173 2603 300 2668 venitur
327 2639 367 2648 —
397 2604 456 2669 nisi
488 2606 569 2670 sorte
599 2605 688 2688 apud
717 2606 804 2671 illurn
834 2606 1041 2689 scriptorem,
1072 2605 1139 2681 cui,
1169 2609 1341 2687 postquam

175 2704 274 2768 isdem
296 2709 329 2768 et
349 2705 472 2768 lisdem
490 2706 668 2788 compluria
683 2707 748 2771 iam
769 2726 827 2787 per
841 2706 970 2771 saecula
989 2706 1240 2784 consumerent,
1263 2704 1344 2768 alias

173 2823 304 2886 quoque
326 2805 394 2869 eius
415 2806 504 2870 modi
523 2825 618 2871 voces
640 2805 803 2870 inauditas
826 2825 1019 2886 componere
1041 2803 1199 2887 placuitd)

256 2904 434 2987 Scriptores
454 2906 551 2987 igitur
573 2907 701 2971 casibus
722 2906 756 2969 bi
773 2910 806 2972 et
819 2906 870 2970 leis
890 2907 985 2988 longe
1005 2906 1097 2971 aliter
1111 2908 1210 2987 atque
1229 2905 1342 2970 ceteris

172 3003 314 3069 eiusdem
337 3006 537 3088 pronominis
558 3007 607 3071 usi
629 3012 720 3073 sunt:
751 3007 785 3071 id
807 3008 894 3089 quod
917 3011 1029 3089 postea
1058 3005 1167 3070 multis
1189 3004 1342 3086 exemplis

173 3104 426 3170 confirmabitur.
477 3105 582 3184 Quam
613 3127 681 3171 rem
712 3112 748 3171 ut
777 3106 973 3189 explicemus
1002 3107 1079 3171 illud
1103 3108 1342 3186 argumentum,

173 3205 261 3286 quod
282 3225 322 3268 ex
345 3205 510 3270 deminuta
532 3207 563 3270 vi
587 3207 843 3272 demonstrativa
854 3211 1019 3290 sumptum
1042 3210 1101 3284 est,
1124 3204 1256 3269 minime
1277 3204 1343 3268 suf·

173 3304 268 3368 licere
291 3305 497 3370 manifestum
520 3312 577 3372 est.
621 3308 723 3372 Immo
745 3308 786 3372 de
806 3307 841 3371 lu'
862 3312 895 3371 et
915 3307 966 3372 leis
988 3306 1162 3389 separatim
1180 3304 1342 3386 agendum

174 3408 205 3468 et
227 3404 437 3470 iudicandum
460 3406 528 3471 erit.

255 3505 377 3588 ltaque,
399 3510 436 3570 ut
453 3507 585 3571 landem
608 3507 662 3572 lux
684 3508 839 3573 afferetur
856 3505 1045 3581 difficultati,
1067 3504 1158 3581 haec,
1180 3504 1207 3567 si
1225 3503 1342 3586 placet,

173 3624 301 3669 mecum
323 3605 513 3672 consideres.
558 3607 710 3673 Videmus
732 3608 817 3673 enirn
840 3605 944 3670 nullas
965 3604 1090 3669 illorum
1113 3603 1342 3685 pronominum

168 3704 290 3770 formas
312 3705 396 3771 inter
417 3727 452 3771 sc
474 3711 542 3773 tarn
559 3708 678 3772 similes
695 3728 773 3786 esse,
800 3726 898 3791 quam
920 3705 955 3768 lei
974 3707 1007 3768 et
1029 3703 1050 3781 i,
1073 3702 1125 3766 bis
1147 3702 1237 3767 etis.
1271 3702 1340 3766 Has

169 3824 288 3887 nempe
309 3805 373 3870 iam
396 3806 428 3871 in
451 3807 557 3889 prisca
579 3809 739 3873 latinitate
761 3808 793 3872 in
817 3827 877 3872 usu
899 3805 994 3869 fuisse
1017 3807 1152 3880 constat,
1174 3802 1233 3866 nisi
1253 3803 1341 3886 quod

168 3904 269 3969 etiam
290 3906 320 3968 ei
341 3910 373 3970 et
395 3908 436 3986 ii,
468 3909 514 3973 eis
537 3914 567 3974 et
589 3910 630 3972 iis
661 3908 847 3973 accedebat.
897 3903 1116 3970 Confirmatur
1146 3902 1178 3966 id
1208 3903 1340 3985 quidem

170 4031 365 4040 ——-—-——

239 4087 264 4154 ll
285 4087 326 4143 cf.
348 4089 378 4144 A.
398 4089 592 4162 Engelbrecht‚
608 4089 659 4146 nie
673 4088 793 4160 Sprocbe
808 4088 854 4142 des
870 4086 1039 4142 Claudianus
1053 4084 1204 4139 Mamertus
1217 4082 1341 4154 (Wiener

166 4173 419 4246 Situungsberichle
441 4179 490 4232 110
507 4197 534 4248 p.
551 4176 674 4246 423sqql
692 4194 719 4246 p.
739 4175 800 4230 517.

237 4262 264 4330 2)
283 4263 323 4317 Of.
343 4281 415 4332 quac
432 4263 466 4319 de
485 4264 635 4320 Claudiano
656 4264 791 4318 Mamerto
809 4262 893 4332 paulo
912 4264 978 4316 ante
998 4260 1149 4316 attulimus.
