3238 4994
640 471 846 534 ..25-

156 650 241 712 onim
266 649 363 713 haec:
384 648 581 713 Nominnlim'
596 648 743 733 plurales
764 649 936 715 masculini
954 650 1078 733 formae
1099 652 1131 714 ii
1152 652 1201 714 nel
1222 652 1254 714 ei
1276 652 1329 714 cia

155 749 312 831 differunt
329 771 350 812 a
366 747 481 830 formis
501 747 558 824 lri;
581 753 679 830 atque
701 748 798 812 baec:
821 747 954 812 ablativi
970 748 1108 833 pluralis
1128 747 1251 830 fmmae
1272 751 1329 812 ils

157 849 206 911 ucl
236 848 296 911 cis
324 848 375 911 uel
403 847 438 908 is
464 848 584 926 passim
613 848 667 910 via
697 844 849 927 differunt
870 867 891 909 a
917 845 1031 924 formis
1051 847 1123 912 lis.
1167 847 1327 930 Denique:

155 947 260 1012 dativi
277 944 421 1031 pluralis
437 965 533 1011 masc.
555 954 584 1012 ct
599 945 673 1028 fem.
690 945 815 1028 fortune
835 947 895 1008 cis
915 947 965 1009 uel
988 947 1046 1010 iis
1066 949 1118 1011 uel
1134 949 1170 1010 is
1189 949 1246 1011 nix
1263 947 1329 1030 dif-

155 1045 267 1122 serunt
288 1066 310 1109 a
329 1045 437 1127 forma
458 1044 532 1108 iris.

242 1164 310 1226 lam
341 1181 380 1225 ex
410 1161 460 1225 his
483 1159 595 1243 paucis
617 1160 771 1241 exemplis
793 1160 930 1224 efficitur
952 1161 1090 1225 abusum
1111 1181 1203 1239 eum,
1232 1182 1329 1244 quem

156 1260 299 1342 primum
322 1279 400 1324 casu
415 1258 482 1322 sive
499 1257 715 1338 imprudentia
737 1262 845 1323 ortum
856 1259 1012 1336 videmus
1035 1262 1143 1323 aetate
1154 1261 1329 1341 posteriore

157 1359 203 1422 ita
232 1357 448 1432 crebrescere,
478 1359 514 1419 ut
543 1359 692 1436 apertum
720 1357 777 1420 sit:
808 1376 882 1420 cum
904 1355 1059 1436 lapicidas
1087 1361 1155 1421 tum
1188 1359 1329 1422 eiusdem

158 1455 231 1519 aevi
254 1454 401 1519 librarios
428 1454 480 1517 tis
508 1459 540 1517 et
561 1454 595 1517 ln'
617 1459 693 1519 ante
714 1456 883 1520 relativum
907 1457 939 1517 et
961 1451 1051 1517 facile
1073 1455 1133 1520 sibi
1155 1459 1330 1522 concedere

158 1554 301 1636 potuisse
324 1573 383 1616 nec
407 1571 481 1616 raro
503 1551 562 1616 sibi
583 1553 784 1617 concessisse.
830 1553 928 1617 Cuius
950 1553 995 1616 rei
1019 1553 1143 1618 initiunt
1167 1561 1253 1620 certe
1276 1577 1330 1620 ex·

158 1658 263 1716 tremo
287 1648 389 1732 primo
411 1671 442 1732 p.
466 1650 541 1716 Chr.
564 1671 594 1715 n.
618 1651 746 1714 saeculo
769 1687 807 1696 -
831 1671 917 1714 anno
938 1653 1036 1722 81184
1058 1688 1094 1697 -—
1119 1653 1240 1718 factum
1262 1675 1330 1718 esse

158 1770 197 1813 ex
222 1750 290 1830 lege
312 1751 506 1815 Malacitana
528 1749 626 1832 plane
647 1749 807 1830 apparuit.
851 1750 961 1814 Potest
983 1770 1059 1814 vero
1081 1750 1147 1814 iam
1174 1752 1264 1834 prius
1285 1753 1330 1816 sic

160 1849 287 1930 peccari
318 1854 467 1930 coeptum
498 1867 583 1923 esse3
614 1866 691 1910 nam
719 1847 805 1928 quod
828 1848 906 1912 mihi
930 1869 968 1912 ex
990 1850 1089 1913 titulis
1111 1854 1186 1916 ante
1208 1871 1329 1915 annum

159 1966 257 2028 quem
288 1946 352 2010 dixi
385 1945 531 2028 exempla
562 1945 736 2010 certissima
768 1965 833 2010 non
862 1947 1091 2024 innotuerunt,
1123 1949 1215 2014 facile
1244 1951 1330 2015 casui

161 2045 335 2120 attribuas;
365 2047 468 2110 solent
495 2050 602 2110 autem
626 2045 775 2126 publicae
796 2046 1019 2128 inscriptiones
1041 2048 1191 2131 legesque
1213 2049 1331 2114 tabulis

159 2145 280 2207 incisae
310 2144 524 2226 antiquiorem
556 2142 822 2208 consuetudinem
851 2164 998 2224 servare,
1032 2147 1230 2211 cousuetudo
1260 2149 1329 2229 ipsa

158 2242 318 2306 sermonis
340 2241 441 2306 multa
464 2261 593 2317 novare,
625 2261 710 2323 quae
732 2242 765 2304 in
787 2247 998 2307 monumenta
1019 2243 1168 2326 publicae
1190 2244 1330 2308 auctori-

159 2341 236 2407 tatis
266 2360 338 2404 scro
360 2342 565 2423 recipiuntur.
618 2343 730 2422 ltaque
760 2341 823 2403 iarn
847 2339 1003 2418 Plinium,
1036 2341 1162 2406 Celsum
1187 2342 1329 2423 aliosque

159 2440 306 2504 consulto
329 2445 404 2504 ante
426 2441 597 2505 relativum
617 2441 755 2504 formam
777 2439 827 2502 ln's
845 2439 1017 2521 scripsisse,
1040 2441 1085 2506 ita
1109 2445 1144 2506 ut
1165 2440 1197 2504 in
1217 2440 1330 2505 editio-

159 2540 257 2604 nibus
279 2560 390 2605 eorum
413 2540 536 2622 legitur,
560 2560 690 2622 prorsus
711 2559 830 2621 negare
853 2559 916 2604 non
940 2540 1022 2604 licet.

245 2659 293 2723 lta
326 2658 391 2722 duo
424 2659 584 2724 scribendi
617 2677 735 2740 genera
767 2677 805 2721 ex
839 2657 970 2721 libidine
1004 2657 1151 2722 videntur
1183 2658 1329 2723 adhibita

159 2762 260 2840 atquc
282 2759 441 2839 permixta
463 2778 548 2838 esse;
572 2777 677 2840 neque
699 2758 785 2821 enim
809 2758 842 2822 in
867 2757 942 2821 locis
963 2776 1045 2839 quos
1067 2756 1158 2822 attuli
1182 2757 1330 2838 quamvis

160 2859 285 2921 curiose
307 2858 489 2940 perpendas
512 2858 661 2938 cognosci
683 2861 788 2939 potest
812 2858 949 2920 alterum
971 2857 1148 2922 formarum
1167 2877 1268 2938 genus
1287 2858 1329 2921 ab

161 2957 263 3022 altero
285 2978 354 3023 esse
376 2959 571 3023 distinctum.
615 2958 723 3036 Quare
745 2958 947 3033 adducimur,
975 2962 1011 3020 ut
1033 2957 1133 3021 etiam
1154 2957 1245 3034 alibi,
1275 2957 1330 3020 ubi

161 3058 202 3120 de
235 3058 490 3122 demonstrativa
525 3059 655 3123 notione
690 3057 890 3140 pronominis
923 3058 1027 3139 magis
1062 3057 1182 3137 ambigi
1215 3061 1330 3139 potest,

161 3158 299 3222 eandem
339 3157 558 3223 contusionem
596 3157 771 3222 admissam
808 3178 876 3222 esse
913 3161 1103 3222 statuamus
1163 3157 1332 3222 Desierunt

162 3259 247 3322 enirn
278 3259 425 3323 homines
454 3259 496 3323 ad
525 3263 704 3322 extremum
735 3258 866 3321 omnino
894 3257 1012 3322 sentire
1041 3259 1082 3321 iis
1110 3260 1138 3320 is
1160 3261 1192 3322 et
1208 3257 1273 3334 lic,
1307 3258 1332 3319 li

163 3359 175 3421 i
203 3364 235 3422 et
263 3359 298 3422 ln·
328 3359 381 3440 (de
407 3361 435 3423 ci
463 3361 508 3422 cis
540 3363 652 3440 postea
684 3357 877 3438 videbimus)
910 3357 952 3422 ad
983 3358 1110 3421 diversa
1138 3357 1332 3439 pronomina

163 3460 333 3540 pertinere.

246 3574 313 3638 lam
331 3593 407 3636 vero
423 3574 510 3637 hunc
525 3574 745 3655 promiscuum
761 3595 853 3639 usum
874 3576 906 3638 in
923 3575 1182 3656 inscriptionibus
1198 3574 1333 3656 scripto·

162 3676 316 3757 ribusque
333 3674 517 3756 posterioris
533 3675 648 3739 aetatis
663 3676 717 3739 vix
732 3695 828 3757 aegre
844 3676 991 3740 ierimus:
1011 3674 1077 3738 sive
1098 3674 1182 3737 enim
1200 3675 1249 3737 lis
1267 3674 1333 3737 sive

165 3777 206 3838 iis
234 3774 435 3852 scribebant,
466 3793 593 3856 semper
622 3776 662 3837 iis
691 3775 938 3856 intellegebant,
969 3774 1098 3855 spiritus
1125 3793 1219 3856 asper
1245 3774 1334 3856 quod

164 3874 374 3949 adiciebatur,
397 3893 462 3937 non
486 3873 528 3936 ad
551 3875 807 3953 grammaticam,
830 3874 887 3938 sed
909 3875 952 3938 ad
974 3873 1238 3955 orthographiam
1261 3892 1334 3954 per·

164 3973 253 4036 tinet.
299 3971 362 4036 Sed
392 3992 429 4036 ea
462 3993 512 4036 res
541 3974 650 4054 magni
679 3975 834 4039 momenti
864 3978 912 4038 est
941 3977 1128 4056 propterea,
1162 3972 1238 4054 quia
1267 3972 1335 4036 fieri

164 4091 229 4135 non
263 4072 368 4154 potuit
399 4073 475 4154 quin
507 4073 604 4136 etiam
635 4074 912 4139 classicorum
942 4095 973 4157 q.
997 4073 1027 4136 d.
1050 4073 1120 4136 libri
1150 4092 1169 4135 a
1198 4072 1335 4136 librariis

166 4172 269 4253 magis
284 4170 431 4234 minusve
448 4178 747 4253 corrumperentur;
770 4194 846 4238 nam
869 4175 1027 4251 facillime,
1050 4173 1104 4254 qui
1124 4172 1193 4236 illas
1215 4173 1336 4236 formas

166 4271 197 4334 in
220 4271 404 4353 promiscuo
426 4271 547 4336 babere
569 4272 680 4336 solitus
703 4279 782 4354 erat,
806 4274 942 4338 alteram
964 4293 1023 4354 pro
1039 4272 1140 4336 altera
1156 4271 1335 4336 describere
