3238 4994
686 432 891 494 „11-

284 611 374 674 Haec
400 612 572 676 observata
592 648 633 658 —
655 611 769 676 eadem
799 630 876 674 vero
906 609 938 672 in
967 611 1076 676 multis
1104 609 1174 674 aliis
1195 609 1284 674 libris
1305 595 1369 674 non

202 729 277 774 raro
306 710 441 774 inveniri
471 712 553 775 inira
582 712 730 794 probabo
753 731 894 776 —sane
919 711 1082 776 sufficiunt
1112 711 1153 775 ad
1176 710 1371 775 confirmau-

203 810 278 874 darn
293 811 485 876 sententiam
502 812 604 876 hane:
627 812 773 876 codicum
798 812 1022 876 auctoritatem
1047 812 1109 876 bac
1132 811 1164 875 in
1183 811 1371 892 quaestione

203 929 266 972 non
289 911 426 975 multum
449 912 565 975 valere.
617 911 692 976 Sine
723 911 822 976 dubio
851 911 945 995 igitur
977 912 1050 975 illae
1079 911 1201 975 iormae
1223 911 1372 992 quamvis

204 1007 285 1073 bene
307 1011 445 1075 traditae
467 1031 578 1075 severe
599 1011 834 1076 examinandae
856 1015 930 1076 sunt
958 1017 1055 1093 atque
1077 1011 1178 1074 sicubi
1201 1030 1220 1075 a
1244 1011 1371 1075 dicendi

201 1129 262 1174 usu
286 1130 417 1192 prorsus
439 1110 616 1174 abhorrent
637 1111 810 1174 emendare
833 1131 888 1174 eas
909 1131 987 1176 sane
1008 1111 1128 1188 licebit,
1157 1131 1261 1193 neque
1283 1110 1369 1175 enim

203 1210 382 1291 quidquam
405 1210 532 1275 videtur
554 1215 667 1275 eontra
689 1211 750 1275 dici
773 1230 875 1292 posse.

286 1313 328 1373 At
354 1330 432 1374 nuru
455 1330 586 1392 prorsus
608 1311 806 1375 abhorreant
828 1311 870 1374 ab
893 1331 969 1388 usu,
999 1310 1190 1392 plerumque
1212 1309 1243 1372 in
1268 1328 1369 1391 quae-

200 1410 304 1474 stione
326 1415 381 1474 est.
433 1409 604 1474 Permultis
628 1410 711 1473 enim
736 1410 820 1488 locis,
851 1410 909 1474 etsi
932 1410 1120 1491 scriptorem
1144 1409 1229 1486 alibi,
1252 1409 1307 1472 ubi
1330 1407 1369 1471 de

201 1510 315 1574 eadem
346 1510 395 1573 vel
425 1510 518 1573 simili
549 1514 710 1574 structura
739 1510 863 1594 agitur,
898 1509 1088 1591 pronomine
1119 1510 1148 1573 is
1177 1527 1271 1572 usum
1301 1527 1369 1570 esse

200 1610 496 1690 animadvertimus
520 1615 631 1676 lamen
651 1630 828 1692 pronomen
847 1610 898 1674 tic
919 1612 961 1675 ab
984 1630 1021 1674 eo
1040 1608 1188 1691 usurpari
1211 1627 1275 1672 non
1299 1628 1369 1689 po-

201 1710 323 1773 luisse
341 1730 404 1773 non
421 1710 528 1775 licebit
543 1714 685 1775 statuere
701 1731 806 1793 neque
821 1711 967 1775 codicum
985 1729 1174 1774 consensum
1192 1707 1368 1790 neglegere.

200 1808 283 1873 Nam
309 1830 373 1891 quo
402 1810 538 1892 scriptor
566 1830 744 1892 pronomen
767 1810 1056 1874 demonstrativum
1086 1810 1203 1873 referre
1224 1808 1368 1882 voluerit,

202 1909 246 1972 ita
268 1914 304 1972 ul
322 1910 444 1973 nullum
468 1910 603 1974 dubium
626 1910 786 1992 reliquum
808 1910 858 1988 sit,
881 1909 1030 1990 cognosci
1051 1899 1284 1991 saepenumero
1305 1927 1368 1970 non

201 2013 316 2090 potest.
355 2010 550 2092 Plerumque
567 2011 662 2089 enim,
684 2011 853 2092 prasertim
870 2010 924 2073 ubi
940 2028 1005 2073 non
1024 2008 1193 2072 relativum
1215 2007 1368 2090 sequitur,

201 2114 375 2191 utrumque
396 2130 575 2191 pronomen
597 2109 740 2192 aliquam
769 2109 986 2173 defensionem
1017 2107 1160 2171 habebit.
1211 2107 1292 2170 Nam
1316 2107 1369 2169 illa

202 2209 267 2272 duo
288 2210 482 2291 pronomina
511 2211 576 2273 iam
599 2209 737 2272 classicis
766 2228 851 2291 quae
874 2208 1009 2271 dicimus
1040 2207 1238 2288 temporibus
1260 2210 1367 2269 tantu·

201 2308 266 2372 lum
290 2309 372 2372 inter
394 2329 427 2372 se
450 2310 580 2381 distant,
602 2313 638 2373 ut
660 2309 704 2372 eis
721 2327 966 2390 nonnumquam
984 2307 1049 2370 fere
1069 2307 1183 2370 eadem
1203 2306 1251 2370 vis
1267 2306 1369 2370 inesse

200 2407 357 2471 videatur.
406 2409 499 2486 Quod
522 2409 634 2490 paucis
656 2409 815 2491 explicare
837 2427 902 2471 non
926 2408 1066 2472 alienum
1089 2427 1157 2472 esse
1177 2411 1267 2490 puto.
1317 2406 1368 2470 Sic

200 2508 303 2585 enim,
334 2508 510 2572 secuudum
540 2508 708 2590 utriusque
735 2509 933 2589 pronominis
964 2508 1182 2572 definitionem
1210 2512 1368 2590 quatenus

201 2607 354 2672 lectiones
376 2608 518 2672 iudicare
539 2609 643 2686 liceat,
666 2609 845 2690 apparebit.

284 2707 329 2771 De
357 2726 396 2770 ea
425 2727 459 2771 re
489 2707 570 2772 baec
600 2709 665 2773 sere
685 2710 770 2784 inter
792 2729 904 2773 omnes
926 2711 1092 2773 constant:
1122 2707 1278 2771 maiorem
1302 2706 1366 2770 vim

202 2806 489 2871 demonstrativam
511 2808 562 2872 hic
590 2809 772 2890 pronomini
794 2809 913 2883 inesse,
944 2809 1101 2872 minorem
1123 2805 1305 2888 pronomini
1328 2807 1366 2868 is.
1443 2846 1445 2849 .

202 2906 447 2971 Demonstratur
469 2908 555 2971 enim
577 2908 768 2989 pronomine
789 2907 839 2972 leic
860 2928 910 2972 res
931 2927 1086 2989 praesens
1107 2907 1271 2989 oculisque
1293 2906 1368 2969 sub·

202 3005 284 3069 iecta
307 3007 373 3070 sive
395 3008 488 3089 quasi
509 3027 675 3090 praesens,
706 3008 740 3072 id
768 3012 816 3072 est
844 3008 954 3072 animo
982 3027 1136 3090 praesens
1162 3010 1262 3088 atque
1283 3005 1369 3086 cogi-

204 3105 352 3187 tationi.¹)
396 3107 516 3171 Contra
539 3108 729 3188 pronomine
752 3109 780 3171 is
807 3106 848 3171 ad
880 3127 946 3170 rem
976 3110 1134 3170 remotam
1162 3107 1291 3169 animus
1312 3104 1369 3168 ad·

201 3206 335 3269 vertitur
343 3205 384 3286 2l:
416 3227 501 3290 quae
529 3227 580 3271 res
608 3211 665 3271 aut
694 3212 790 3272 antea
821 3212 1074 3272 commemorata
1103 3226 1170 3270 esse
1193 3209 1249 3269 aut
1272 3205 1369 3286 paulo

201 3348 274 3401 locus
293 3365 346 3402 nou
367 3347 432 3402 satis
447 3347 555 3416 planus)
575 3349 632 3400 und
651 3364 724 3400 zwor
745 3350 872 3402 zuwet'len
890 3350 946 3401 irie
964 3349 1044 3401 neten
1061 3349 1177 3400 Formen
1196 3363 1244 3399 von
1264 3348 1307 3414 ia,
1327 3347 1370 3397 die

201 3438 249 3486 neit
266 3437 351 3487 einem
370 3452 383 3487 e
400 3436 528 3501 bepinnen
547 3435 579 3503 (z.
593 3436 626 3489 B.
641 3435 700 3487 Hel.
715 3439 767 3503 3‚8
783 3437 874 3500 fertur
893 3437 1005 3503 denique
1018 3436 1051 3488 ab
1070 3437 1126 3487 liis
1142 3437 1189 3502 qui
1202 3463 1235 3470 —
1247 3433 1368 3485 Hadria·

200 3539 265 3574 num
281 3523 345 3574 Veri
357 3523 438 3574 aeteae
450 3523 605 3588 genituram
622 3529 645 3574 et
663 3539 734 3574 eum
753 3539 829 3590 quem
846 3541 866 3575 e.
877 3541 900 3592 q.
911 3521 952 3590 a),
971 3525 1087 3589 dapeyen
1105 3524 1117 3573 i
1136 3524 1165 3574 ei
1183 3523 1210 3572 ii
1227 3539 1254 3573 u.
1274 3523 1304 3572 ia
1322 3522 1370 3571 eie

200 3610 249 3660 ita
261 3624 330 3673 ponz
344 3608 486 3660 vereinzelt
497 3647 503 3661 .
514 3648 538 3660 ..
570 3609 691 3660 Bedenlot
705 3625 768 3660 mon
781 3627 847 3676 nun,
867 3611 931 3661 dosa
944 3611 987 3662 die
1000 3609 1204 3675 moarpebendcn
1220 3610 1274 3660 itas.
1288 3608 1371 3670 dfters

200 3696 325 3747 hisdem
343 3695 480 3747 seh-reiben
548 3713 574 3747 u.
595 3711 632 3746 an
650 3696 724 3747 seclis
739 3696 836 3748 Stellen
850 3697 875 3748 B
889 3713 915 3749 u.
930 3697 956 3747 P
968 3697 1029 3761 hii,
1049 3714 1084 3748 an
1102 3697 1166 3747 zwei
1185 3697 1210 3746 B
1279 3695 1371 3746 edenso

200 3781 256 3831 den*
267 3781 343 3832 Nom.
362 3782 430 3848 tis,
449 3797 479 3832 ao
497 3782 568 3832 wird
585 3798 613 3833 ea
631 3782 700 3834 wolrl
718 3783 792 3834 nicht
809 3783 951 3847 bezweifelt
967 3784 1073 3835 socrden
1091 3785 1203 3848 konnen,
1223 3783 1288 3832 dosa
1301 3781 1370 3832 auch

199 3868 230 3918 in
249 3868 298 3918 der
323 3867 439 3919 historia
457 3869 581 3932 Augusto
604 3868 643 3932 oft
658 3869 800 3934 fdlschlich
826 3885 877 3920 von
895 3870 946 3921 den
964 3870 1160 3922 Abachreibern
1185 3871 1228 3921 die
1253 3869 1371 3920 Formen
1457 3901 1458 3904 =

199 3953 235 4004 lei
253 3971 280 4005 u.
301 3954 353 4004 hie
370 3957 420 4020 frte
438 3955 449 4004 i
467 3971 495 4007 u.
514 3956 544 4005 is
561 3961 656 4020 qeeetzt
673 3956 782 4027 worden
799 3956 885 4008 sind«

272 4038 298 4105 l)
318 4037 597 4107 cf.Priseian.17‚58
616 4057 643 4108 p.
655 4040 735 4093 1064:
754 4041 822 4093 Hic
840 4057 892 4093 non
911 4042 998 4094 solum
1015 4041 1047 4094 de
1060 4047 1210 4109 praesente,
1231 4057 1324 4093 verum
1339 4041 1370 4092 de

199 4127 304 4178 ahsente
317 4143 463 4193 possumus
482 4128 579 4195 dicere,
597 4128 635 4179 ed
652 4128 812 4180 intellectum
833 4130 978 4195 reserentes
996 4129 1255 4180 enumerationem.

269 4211 296 4279 2)
322 4209 362 4264 Ex
388 4211 439 4266 bac
465 4211 626 4266 definitione
652 4213 745 4267 omnia
776 4214 833 4268 fere
857 4213 1029 4278 efficiuntur,
1061 4229 1131 4281 quaa
1155 4231 1172 4266 a
1196 4211 1259 4264 viris
1283 4211 1371 4265 doctis

200 4328 232 4335 —
252 4297 339 4351 veluti
356 4298 392 4352 ab
411 4300 443 4353 Δ.
465 4299 626 4368 Draeger
649 4302 678 4354 et
695 4300 726 4352 R.
746 4299 911 4354 Kuebner
928 4330 963 4338 -
983 4300 1016 4355 de
1041 4299 1150 4353 illorum
1176 4297 1369 4369 pronominum
