3238 4994
619 414 825 477 ,57-

139 597 227 651 eraut
249 587 298 669 (et.
320 590 391 653 eod.
414 591 470 654 Ev.
492 589 609 668 Mon.);
637 591 693 656 ΜΓ.
717 595 745 672 t,
762 594 802 656 td
823 593 868 655 etr
889 593 945 672 qni
966 613 1035 653 cum
1057 591 1111 654 illo
1131 597 1223 654 erant
1254 589 1305 668 (ci.

139 689 207 752 cod.
232 689 331 769 Aur).

218 791 281 872 Ep.
311 790 471 854 Paulin.
503 791 645 873 fragm.
676 793 862 874 Frising:
891 791 989 855 Hebr.
1012 794 1072 869 6,7
1096 794 1141 855 eis
1162 793 1218 871 qui
1239 811 1308 852 eam

19 941 20 946 1
137 894 239 954 coirent
260 889 426 971 (mendose
440 912 501 974 pro
523 893 654 966 ἐκείνοις
675 894 716 955 δι’
737 891 792 965 orig
812 894 866 954 καὶ
887 897 1079 972 γεωργεῖται.
1109 894 1198 955 VerS.
1219 890 1306 954 Hier.

139 992 189 1054 bis
207 999 334 1076 propter
353 1012 430 1078 quos
452 996 574 1072 colitur,
596 995 642 1058 ita
656 995 858 1068 Antiatinus3
880 994 938 1058 sed
958 994 1048 1058 Fuid.
1071 993 1138 1056 iltis
1159 1015 1179 1054 u
1194 992 1307 1076 quibvs

139 1092 277 1173 colitur);
307 1091 405 1156 Hebr.
428 1094 511 1172 5th
541 1097 585 1158 eis
613 1097 668 1181 qui
690 1144 723 1160 ..
745 1098 897 1159 substinent
925 1094 1005 1174 (wig
1024 1094 1307 1172 ἀπεκδεχομένοις.

139 1192 223 1256 Hier.
244 1195 405 1257 versiones
426 1196 696 1279 exspectantibus).

217 1294 255 1357 Hi
278 1294 348 1370 loci,
371 1314 573 1377 quamquam
595 1317 706 1360 eorum
729 1296 834 1377 pauci,
857 1296 954 1358 veluti
977 1295 1047 1359 Joh.
1073 1296 1121 1371 17,
1132 1295 1182 1370 20,
1208 1293 1306 1356 Hebr.

138 1396 167 1462 6.
179 1397 206 1471 7,
227 1395 469 1476 quodammodo
491 1397 618 1460 defendi
639 1402 793 1480 possunt,
817 1401 925 1460 tamen
947 1396 1151 1459 librariorum
1174 1413 1308 1457 cousue-

140 1495 239 1558 tudiui
266 1516 365 1577 supra
387 1497 569 1580 descriptae
595 1502 787 1580 repugnant.
838 1497 987 1560 Ceterum
1014 1517 1054 1560 ex
1075 1495 1125 1558 his
1145 1495 1307 1575 exceptio·

139 1596 229 1659 nibus
248 1597 327 1660 nihii
349 1598 497 1661 concludi
520 1599 594 1662 iicet
608 1600 678 1675 nisi,
701 1598 789 1680 quod
809 1597 995 1678 saepissime
1010 1597 1157 1671 diximus
1181 1595 1307 1658 iliarum

139 1697 311 1760 turmarum
334 1697 551 1762 differentiam
581 1699 730 1781 quamvis
759 1697 902 1762 inlibris
932 1701 1042 1761 tamen
1072 1715 1251 1776 numquam
1275 1694 1306 1757 in

19 1809 20 1816 ’
139 1817 280 1861 sermone
301 1799 406 1862 inisse.
445 1798 559 1881 Neque
579 1819 655 1863 vero
677 1800 710 1862 hi
732 1799 792 1862 toci
812 1798 839 1861 ei
862 1803 1054 1879 argumento
1077 1817 1146 1861 esse
1162 1799 1307 1879 possunt,

138 1899 189 1978 qui
211 1898 290 1962 torte
312 1898 383 1962 illas
404 1899 491 1980 leges
510 1919 577 1964 non
599 1900 693 1964 datas
716 1899 936 1980 exercitusque
952 1920 1020 1962 esse
1037 1899 1194 1962 sustinere
1216 1897 1308 1960 velit:

139 1999 221 2080 quod
253 2020 365 2063 eorum
396 1998 539 2063 iocorum
568 2001 625 2063 ubi
645 2020 681 2063 re
702 2020 780 2063 vera
801 2001 993 2063 observatae
1015 2003 1090 2062 sunt
1112 1997 1309 2079 amplissimo

139 2119 270 2162 numero
285 2100 339 2179 (de
354 2120 420 2182 qua
435 2121 471 2164 re
484 2122 518 2183 p.
530 2101 570 2164 27
577 2120 647 2182 sqq.
660 2099 907 2182 disputavimus)
920 2100 997 2162 satis
1014 2099 1180 2162 refutatur.
1212 2098 1308 2160 Sunt-

139 2219 199 2281 que
224 2221 284 2282 pro
312 2202 495 2265 [estimonio
518 2203 616 2265 etiam
638 2200 882 2264 emendationes
901 2200 1064 2282 quaedam
1091 2218 1173 2281 quas
1194 2217 1307 2260 seeun-

138 2301 212 2364 dum
232 2301 303 2364 iiias
322 2302 483 2365 scribendi
505 2302 590 2382 leger
614 2302 760 2365 iecerunt
781 2301 920 2365 librarii:
944 2301 983 2363 cf.
1005 2300 1074 2379 Dig.
1098 2301 1169 2374 856,
1186 2299 1230 2374 te,
1252 2297 1306 2360 ubi

137 2405 212 2464 ante
229 2402 399 2466 relativum
422 2405 468 2465 eis
493 2403 526 2466 in
547 2403 597 2465 bis
618 2401 826 2466 emendatum
850 2400 994 2482 aliosque
1016 2400 1084 2463 illos
1106 2399 1192 2462 iocos
1214 2399 1308 2479 (quos

137 2521 165 2581 p.
187 2501 227 2564 27
256 2502 379 2582 attuli),
410 2503 466 2566 ubi
495 2503 545 2566 bis
566 2504 670 2567 torma
701 2506 777 2566 ante
805 2501 975 2566 relativum
1003 2521 1062 2582 per
1088 2503 1306 2563 correcturam

136 2603 281 2666 restituta
301 2607 359 2666 est.

217 2702 307 2766 Haec
329 2704 444 2784 igitur,
468 2708 505 2767 ut
525 2703 624 2766 totins
645 2704 934 2784 argumentationis
955 2720 1117 2765 summam
1141 2700 1308 2774 iaciamus,

137 2822 174 2865 err
206 2802 361 2866 librorum
391 2823 451 2866 usu
482 2804 654 2867 observato
683 2824 842 2884 apparere
870 2803 964 2865 nobis
993 2800 1158 2863 videntur:
1198 2802 1310 2862 certe

137 2904 460 2967 antesaeculum
483 2905 511 2966 V
533 2903 632 2967 biet
654 2903 816 2983 cittii),
846 2903 919 2966 bue
940 2905 978 2965 et
1000 2921 1081 2976 eae,
1103 2900 1168 2962 bis
1191 2903 1231 2962 et
1252 2901 1309 2961 eis

137 3005 203 3082 (iis
230 3003 277 3083 is)
299 3004 339 3067 in
362 3024 547 3067 sermone
566 3024 737 3086 prorsus
766 3004 806 3066 in
828 3023 946 3066 unam
975 3001 1142 3074 coiisse3
1164 3019 1242 3081 qua
1267 3019 1309 3062 re

138 3105 176 3166 in
205 3103 290 3166 iltis
318 3105 462 3168 formis
483 3105 713 3168 scribendis
737 3123 925 3167 summam
948 3101 1308 3184 perturbationem

138 3208 280 3282 ortam,
311 3225 396 3268 eam
428 3224 523 3268 vero
550 3205 692 3286 quinto
712 3205 794 3268 iere
815 3203 982 3266 saecuto
1010 3221 1056 3264 eo
1078 3201 1194 3264 modo
1214 3201 1309 3263 sub·

138 3303 261 3368 iatam
283 3325 387 3382 esse,
408 3309 451 3368 ut
477 3325 551 3387 pro
577 3305 685 3368 binis
710 3304 980 3368 nominativis
1000 3302 1185 3382 singutas
1217 3304 1309 3363 tan·

19 3443 20 3488 3
139 3409 218 3467 tum
240 3405 394 3469 formas
414 3409 454 3469 et
472 3405 514 3467 bi
530 3409 569 3468 et
587 3405 661 3468 bae
681 3404 875 3480 seribere,
898 3404 946 3467 ad
968 3403 1151 3466 dativum
1172 3405 1309 3464 autem

19 3489 21 3540 ῗ
138 3505 222 3568 sive
242 3505 472 3569 ablativum
494 3505 596 3588 plur.
625 3505 948 3585 significandum
971 3504 1075 3567 alias
1103 3500 1309 3565 scribendi

138 3607 321 3669 rationes
348 3606 428 3669 nisi
457 3611 527 3669 aut
555 3607 617 3668 bis
652 3610 722 3668 aut
751 3606 808 3668 eis
841 3604 1080 3685 repudiare,
1113 3604 1183 3668 has
1215 3622 1310 3666 vero

139 3705 238 3769 duas
267 3707 419 3770 formas
441 3706 660 3769 secundum
683 3706 794 3786 leges
814 3706 1011 3788 quasdam
1032 3724 1052 3768 a
1074 3705 1197 3768 docto
1218 3725 1310 3767 nes·

19 3801 20 3844 ἓ
139 3807 199 3869 cio
228 3827 305 3888 quo
334 3807 454 3870 datas
488 3811 526 3869 et
557 3826 683 3889 supra
714 3812 936 3870 enarratas
966 3805 1185 3884 seiungere
1218 3822 1311 3866 eon·

138 3911 375 3970 suescerent
401 3906 575 3970 librarii.
625 3906 738 3969 Hane
766 3906 1106 3970 consuetudinem
1135 3903 1311 3967 saeeuiis

142 4008 177 4070 V.
197 4007 250 4070 vl.
271 4007 326 4070 vti
347 4007 527 4086 viguisse
548 4011 608 4070 est
626 4007 959 4070 demonstratum.

220 4106 313 4183 Quae
328 4127 401 4170 eum
416 4107 463 4169 ita
478 4107 552 4182 sint,
575 4107 710 4170 dubium
725 4127 794 4169 esse
812 4127 876 4170 non
893 4111 1008 4188 potest,
1029 4127 1096 4188 qua
1111 4107 1235 4170 ratione
1250 4105 1310 4168 ista

19 4239 20 4264 i
139 4207 333 4287 pronomina
354 4207 387 4270 in
416 4206 506 4270 libris
533 4207 590 4288 qui
617 4206 677 4269 illis
701 4207 779 4288 ipsis
811 4207 1008 4287 temporibus
1036 4207 1207 4287 conscripti
1236 4209 1311 4268 suut
