3238 4994
751 404 959 466 -60-

266 581 322 640 est.
357 577 508 659 Superest
523 581 670 661 quaestio
689 581 791 644 multo
808 580 985 644 intricatior
1001 581 1116 662 cuique
1132 599 1184 642 me
1202 575 1444 640 satisfacturum

268 699 335 742 esse
354 680 601 760 -quibusdam
623 681 662 744 de
684 683 796 759 causis
820 702 958 764 quarum
979 681 1102 763 aliquot
1124 681 1154 743 in
1178 679 1273 742 lruius
1295 678 1445 759 disputa·

266 779 363 842 tionis
383 780 471 843 initio
493 781 670 862 significavi
692 819 732 826 —
754 783 808 846 vix
830 803 932 864 spero.
977 782 1161 859 Quamnam
1184 780 1303 844 scilicet
1330 779 1362 842 in
1386 779 1444 841 de·

270 881 487 944 monstrativis
509 882 610 962 legem
641 883 744 946 editor
773 884 861 965 sequi
885 884 997 958 debet,
1031 883 1086 964 qui
1115 886 1172 946 aut
1199 880 1354 944 lustinum
1385 884 1445 943 aut

267 979 415 1044 Tacitum
440 969 505 1045 aut
519 983 657 1046 Plinium
676 988 707 1046 et
725 984 851 1048 Celsum
874 988 931 1047 aut
955 985 1035 1047 adeo
1058 983 1245 1047 Ciceronem
1262 980 1443 1044 rhetorem-

269 1100 332 1161 que
354 1081 442 1144 illum
467 1082 509 1145 ad
532 1084 727 1148 Herennium
754 1085 986 1149 recensendum
1011 1083 1069 1147 sibi
1091 1083 1250 1164 sumpsit?

350 1182 444 1245 Certe
480 1187 588 1247 tamen
626 1204 870 1267 nonnumquam
910 1186 1006 1248 etiam
1046 1185 1078 1247 in
1114 1183 1203 1246 libris
1236 1182 1445 1245 classicae

269 1282 428 1345 aetatis
457 1284 588 1347 edendis
619 1290 651 1348 et
681 1286 883 1349 recensendis
912 1286 963 1350 illa
986 1288 1159 1367 praecepta
1180 1284 1297 1365 quibus
1320 1282 1445 1345 librarii

268 1401 287 1444 a
310 1382 424 1463 quinto
446 1385 575 1448 saeculo
597 1391 776 1466 paruerunt
799 1387 984 1467 cognovisse
1007 1407 1045 1450 ex
1065 1405 1123 1449 usu
1140 1386 1207 1448 iore
1223 1374 1443 1465 expectamus

267 1481 350 1546 Nam
382 1503 491 1547 eorum
521 1485 614 1566 longe
635 1487 804 1568 plerosque
834 1487 996 1551 codicibus
1025 1491 1098 1567 post
1126 1486 1179 1550 illa
1208 1490 1355 1566 tempora
1388 1504 1444 1547 ex-

270 1584 370 1646 aratis
399 1586 534 1649 traditos
565 1591 664 1668 atque
694 1588 866 1651 multorum
900 1589 1092 1669 archetypos
1122 1587 1181 1649 illis
1210 1586 1285 1667 ipsis
1307 1584 1445 1648 saeculis

273 1683 394 1746 V—Vll
416 1686 551 1766 scriptos
573 1707 641 1750 esse
664 1692 798 1751 constat.
840 1688 888 1751 lta
910 1688 977 1751 lieri
1000 1708 1064 1750 non
1086 1687 1191 1769 potuit
1214 1687 1291 1768 quin
1322 1685 1444 1749 librarii

272 1784 368 1847 etiarn
400 1784 431 1848 in
465 1787 552 1849 libris
585 1787 723 1851 classicis
757 1788 974 1852 describendis
1009 1788 1177 1852 occasione
1212 1788 1289 1851 data
1321 1806 1442 1849 novum

271 1884 357 1947 illum
397 1886 556 1950 scribendi
593 1907 686 1952 usum
725 1909 820 1970 quem
860 1890 949 1972 sequi
986 1889 1165 1953 didicerant
1201 1888 1296 1952 etiam
1330 1891 1444 1950 contra

272 1986 386 2048 aetatis
410 1986 560 2051 classicae
585 1990 846 2053 consuetudinem
864 1995 1074 2072 sequerentur
1089 2009 1208 2071 easque
1224 1993 1342 2052 t'ormas'
1358 2008 1444 2069 quae

270 2085 311 2148 illi
342 2087 410 2150 usui
434 2089 636 2153 sufficiebant
657 2091 901 2167 substituerent,
934 2091 952 2153 i.
974 2111 1000 2154 e.
1024 2090 1101 2172 quin
1124 2089 1285 2153 interdurn
1308 2108 1367 2170 pro
1388 2090 1442 2151 ei:

268 2185 302 2248 lu'
324 2189 550 2264 describerent,
574 2210 632 2270 pro
656 2190 814 2268 comicae,
844 2212 904 2272 pro
925 2191 1050 2254 eiszlcis
1073 2190 1126 2254 ubi
1150 2192 1194 2252 eis
1216 2193 1273 2253 aut
1296 2190 1338 2252 ad
1360 2189 1443 2253 rela-

268 2287 367 2350 tivum
392 2291 560 2370 spectabat
582 2291 705 2368 (autin
728 2291 957 2354 enuntiationis
979 2291 1069 2355 initio
1091 2290 1244 2372 positum)
1278 2294 1334 2354 aut
1365 2291 1442 2353 sub-

268 2389 409 2452 stantivo
433 2391 578 2454 additum
601 2396 678 2454 erat.
717 2393 809 2455 Unde
831 2393 967 2455 efficitur
990 2391 1078 2472 apud
1100 2391 1270 2472 scriptores
1293 2391 1443 2454 classicos

267 2477 301 2550 lt
323 2493 354 2551 et
375 2490 434 2552 icoc
462 2491 582 2554 formas
610 2493 757 2571 omnine,
791 2493 840 2556 icis
863 2494 999 2556 formam
1029 2493 1153 2573 (autin
1177 2492 1266 2555 initio
1289 2490 1441 2572 positam)

268 2593 325 2652 aut
347 2594 419 2653 cuni
441 2591 642 2655 substantivo
665 2597 721 2656 aut
745 2613 817 2657 cum
837 2593 974 2656 relativo
998 2593 1214 2669 coniunctam,
1238 2592 1291 2654 ubi
1310 2611 1443 2672 prorsus

268 2694 380 2754 contra
419 2692 632 2773 antiquiorem
674 2694 799 2758 dicendi
842 2693 1104 2757 consuetudinem
1144 2696 1318 2773 usurpatae
1356 2697 1442 2769 sunt,

267 2797 433 2873 suspectas
455 2814 522 2857 esse
545 2799 576 2857 et
597 2795 730 2858 fortasse
752 2795 982 2858 emendandas,
1014 2795 1125 2875 ltaque
1147 2814 1173 2857 e.
1187 2813 1216 2873 g.
1240 2792 1378 2855 editores
1399 2792 1441 2855 illi

267 2912 365 2972 supra
389 2896 574 2972 memorati,
605 2896 658 2977 qui
689 2900 764 2959 ante
791 2895 961 2958 relativum
990 2895 1077 2976 apud
1107 2894 1277 2975 scriptores
1299 2893 1443 2974 optimae

271 2992 438 3056 latinitatis
460 2994 511 3057 lis
533 2996 627 3058 scribi
649 3016 714 3059 non
736 2995 912 3076 patiuntur,
936 2995 1090 3058 laudandi
1112 2998 1196 3058 sunt.

350 3092 462 3175 Neque
478 3098 586 3158 tamen
609 3115 646 3158 ea
667 3116 717 3159 res
740 3095 921 3160 accuratius
937 3095 1088 3176 explicari
1108 3094 1235 3176 poterit,
1251 3093 1441 3174 priusquam

268 3213 307 3257 ex
336 3195 487 3275 oporibus
516 3195 637 3276 aliquot
667 3196 789 3277 optima
818 3196 870 3258 illa
900 3200 1006 3259 aetate
1037 3195 1208 3276 conpositis
1238 3213 1349 3257 omnes
1381 3193 1440 3256 loci

201 3366 203 3369 ¹
267 3294 383 3374 quibus
406 3295 527 3358 formae
546 3297 783 3376 pronominales
805 3297 1003 3378 ascriptoris
1018 3315 1078 3359 usu
1096 3297 1270 3361 abhorrere
1293 3295 1441 3358 videntur

268 3394 388 3458 collecti
412 3400 443 3459 et
469 3397 646 3478 comparati
669 3401 771 3460 erunt.

350 3497 461 3578 ltaque
491 3497 680 3561 Vitruvii
709 3498 757 3560 de
788 3497 1078 3561 architectura
1108 3497 1206 3559 libros
1228 3495 1332 3558 —ad
1362 3494 1442 3557 alios

268 3597 352 3658 eninr
375 3602 503 3678 praeter
531 3599 589 3662 hos
619 3601 769 3661 accurate
798 3598 1047 3678 perscrutandos
1076 3601 1203 3678 tempus
1232 3616 1298 3660 non
1325 3614 1440 3676 suppe-

268 3697 471 3761 tebat—illo
487 3699 618 3762 tandem
637 3699 733 3762 modo
749 3698 912 3779 perlegere
927 3702 959 3761 et
976 3702 1123 3762 excutere
1139 3697 1216 3761 mihi
1233 3697 1337 3759 visum
1354 3693 1439 3774 est.¹)

340 3886 364 3952 1)
386 3885 514 3953 Ignotum
541 3885 608 3939 mihi
635 3902 689 3939 non
718 3890 760 3940 est
784 3904 871 3957 nuper
889 3888 978 3942 denuo
1000 3885 1122 3940 extitisse
1141 3885 1188 3953 qui
1207 3885 1365 3939 Vitruvium
1385 3901 1440 3937 non

270 3972 387 4042 Augusti
406 3973 501 4041 aetati,
520 3974 566 4027 sed
583 3973 691 4028 saeculo
711 3974 794 4029 lertio
813 3975 924 4028 demum
943 3974 985 4030 vel
1006 3972 1074 4027 adeo
1094 3973 1191 4041 quinto
1210 3971 1377 4026 adscriberet
1396 3972 1442 4040 (ct.

268 4061 293 4113 J.
315 4060 343 4112 L.
363 4059 474 4129 Ussing,
500 4060 714 4131 Betragtninger
738 4077 803 4116 over
828 4061 946 4114 Vitruvii
971 4061 1004 4114 de
1023 4061 1110 4124 areb,
1137 4059 1325 4129 Kopenhagen
1354 4058 1441 4127 1896).

268 4147 318 4200 Cui
332 4151 424 4201 tamen
439 4147 592 4214 opinationi
607 4148 651 4201 vix
664 4147 807 4217 quisquam
823 4149 875 4203 erit
889 4149 936 4216 qui
950 4147 1115 4210 subscribat;
1134 4148 1169 4201 cf.
1185 4165 1207 4200 e.
1217 4164 1244 4215 g.
1260 4163 1331 4214 quae
1343 4149 1443 4200 contra

267 4234 338 4287 dixit
357 4234 384 4286 F.
404 4234 498 4287 Krohn
516 4233 545 4286 in
565 4235 686 4290 Berliner
703 4235 801 4306 philol.
821 4234 1040 4289 Wochenscbrilt
1059 4237 1079 4288 t.
1099 4233 1178 4286 XVII
1197 4252 1223 4303 p.
1244 4233 1363 4300 773sqq.
