3238 4994
764 427 968 491 ...14-

281 607 430 672 confusas
451 605 612 690 inquirere
642 607 856 688 suscepimus,
886 605 1047 670 tractandi
1070 609 1164 670 erunt
1187 642 1225 650 -
1248 625 1451 689 quamquam

277 711 374 773 etiam
397 708 482 773 intra
503 707 703 790 angustiores
730 707 790 772 hos
818 707 898 770 fines
923 725 988 769 non
1010 724 1086 770 raro
1112 705 1342 770 verisimilitate
1365 727 1448 789 qua·

279 809 356 874 dam
378 809 519 873 contenti
542 828 610 872 esse
632 808 785 888 cogimur.

361 915 474 999 Neque
494 915 746 981 obliviscendum
776 919 824 978 est
850 914 919 978 fieri
941 915 1083 996 potuisse
1114 917 1152 978 ut
1172 914 1322 978 vitiosum
1346 934 1448 995 genus

279 1015 448 1098 loquendi,
472 1016 528 1079 ubi
558 1015 698 1098 primum
721 1015 754 1079 in
779 1015 901 1095 vulgari
925 1034 1072 1078 sermone
1094 1019 1201 1079 ortum
1231 1019 1318 1090 erat,
1348 1015 1445 1079 etiam

279 1117 322 1182 ad
344 1117 486 1198 optimae
506 1116 622 1180 aetatis
644 1116 815 1197 scriptores
835 1114 999 1179 deflueret.
1033 1115 1145 1198 ltaque
1166 1115 1327 1179 interdum
1350 1135 1391 1178 ne
1415 1116 1448 1178 in

279 1217 422 1298 optimae
460 1216 590 1299 quidem
628 1215 743 1280 aetatis
774 1215 985 1296 scriptoribus
1024 1215 1212 1279 inusitatam
1248 1217 1279 1277 et
1312 1234 1448 1295 pravam

280 1316 450 1381 lectionem
473 1317 518 1380 ita
541 1315 714 1380 emendare
736 1314 825 1392 licet,
858 1319 894 1380 ut
921 1315 1045 1380 nullum
1067 1315 1203 1379 dubium
1223 1314 1379 1394 supersit;
1410 1313 1448 1377 cf.

279 1437 306 1481 e.
329 1435 359 1498 g.
383 1415 573 1480 VitruvIum.

361 1523 420 1588 His
452 1523 587 1605 cognitis
618 1523 754 1588 efficitur
786 1522 944 1586 editorem
974 1521 1165 1602 plerumque
1198 1521 1286 1584 nulla
1319 1541 1354 1584 re
1386 1521 1447 1584 nisi

279 1624 425 1689 codicum
458 1623 525 1687 sive
556 1643 713 1688 consensu
741 1623 808 1686 sive
836 1622 998 1703 potiorum
1028 1621 1222 1685 auctoritate
1253 1621 1311 1684 niti
1341 1641 1446 1702 posse.

280 1726 323 1788 Al
344 1724 492 1787 codicum
522 1724 698 1788 auctoritas
728 1724 760 1787 in
783 1723 845 1786 hac
874 1742 909 1786 re
931 1740 997 1786 non
1026 1721 1163 1785 multum
1195 1723 1297 1797 valet3
1327 1723 1447 1804 quippe

278 1824 332 1906 qui
351 1823 469 1905 spissas
488 1823 666 1904 praebeant
683 1822 843 1900 lectiones
867 1841 959 1903 quae,
983 1824 1020 1885 ut
1034 1841 1132 1903 supra
1151 1821 1298 1897 diximus,
1318 1821 1447 1902 linguae

278 1924 381 2006 legem
412 1925 559 2005 frangere
581 1924 760 1988 videantur.
811 1924 857 1987 lta
887 1923 1019 1987 tandem
1040 1923 1108 1986 fieri
1139 1941 1203 1986 non
1233 1923 1338 2004 potuit
1368 1923 1447 2004 quin

278 2024 337 2088 viri
373 2024 459 2089 docti
488 2025 549 2089 hac
580 2025 612 2088 in
641 2045 676 2088 re
709 2023 840 2088 omuino
869 2023 1059 2087 dissiderent
1090 2042 1195 2104 neque
1225 2028 1329 2086 certas
1361 2023 1447 2103 leges

279 2129 498 2208 sequerentur.

360 2233 424 2296 Sed
453 2253 493 2297 ne
515 2253 586 2297 eam
617 2232 748 2314 quidem
778 2232 1017 2314 quaestionem,
1051 2231 1215 2313 quomodo
1245 2230 1298 2295 illa
1326 2250 1445 2312 prono·

276 2333 400 2397 minum
433 2333 580 2397 conlusio
606 2338 677 2397 orta
706 2332 763 2410 sit,
797 2331 968 2415 quisquam
1000 2332 1167 2396 doctorum
1202 2331 1332 2394 solvisse
1366 2330 1445 2393 milri

277 2433 413 2497 videtur.
463 2433 575 2516 Neque
603 2433 688 2498 enim
720 2432 765 2496 eis
794 2451 879 2514 quae
910 2432 946 2495 G.
969 2430 1081 2495 Hartel
1111 2431 1130 2493 l.
1161 2449 1186 2494 c.
1217 2430 1371 2494 iudicavit
1399 2430 1445 2494 rei

275 2532 460 2615 propositae
489 2533 689 2596 satisfactum
720 2537 776 2596 est.
826 2531 958 2596 Censuit
988 2531 1071 2594 enim
1096 2531 1146 2595 ille
1167 2550 1206 2594 ea
1229 2531 1268 2594 de
1290 2549 1389 2594 causa
1411 2530 1443 2592 in

276 2633 371 2697 certis
393 2631 585 2715 quibusdam
616 2633 743 2696 casibus
771 2651 951 2713 pronomen
978 2631 1029 2694 lu'c
1051 2651 1123 2695 cum
1147 2630 1250 2694 altero
1279 2650 1347 2694 esse
1370 2650 1444 2693 con·

275 2734 398 2811 iusum,
427 2733 514 2816 quod
537 2733 604 2797 eius
625 2733 674 2796 vis
696 2730 949 2796 demonstrativa
976 2730 1132 2812 paulatim
1158 2731 1323 2794 deminuta
1346 2733 1446 2792 esset:

275 2854 340 2916 qua
363 2834 459 2898 dere
482 2833 622 2897 dubitari
644 2834 774 2915 quidem
798 2852 863 2896 non
884 2835 998 2914 potest.
1033 2831 1144 2912 Neque
1167 2831 1252 2894 enim
1274 2829 1390 2892 desunt
1411 2828 1444 2892 iu

274 2934 380 3012 libris,
412 2934 535 3015 aliquot
556 2932 692 2998 saeculis
713 2937 785 3014 post
809 2933 1009 3013 Augusteam
1037 2936 1176 2995 aetatem
1197 2930 1339 3011 scriptis,
1363 2929 1446 2992 aliae

275 3034 371 3098 etiam
394 3032 490 3097 huius
517 3032 717 3114 pronominis
738 3032 878 3109 formae,
909 3051 994 3114 quae
1021 3033 1052 3095 vi
1080 3031 1334 3095 demonstrativa
1363 3029 1446 3093 adeo

274 3138 403 3210 carent,
433 3138 469 3197 ut
499 3133 541 3197 ad
571 3134 790 3214 incorruptam
819 3131 1012 3196 latinitatem
1029 3150 1106 3196 >non
1136 3131 1307 3212 quadrent.
1360 3129 1446 3206 Quin

275 3234 373 3298 etiam
397 3253 434 3296 eo
456 3237 647 3314 perventum
670 3238 718 3296 est
739 3235 775 3296 ut
793 3233 835 3296 ad
853 3231 1024 3296 articulum
1047 3229 1291 3312 exprimendum
1315 3249 1371 3293 eas
1385 3228 1445 3291 ad-

274 3333 395 3398 hibitas
430 3352 499 3396 esse
535 3332 710 3396 videamus.
761 3332 807 3396 Cf.
838 3332 961 3414 glossas
990 3330 1090 3395 Servii
1121 3328 1323 3411 grammatici
1354 3328 1446 3406 (Cor-

274 3434 361 3516 poris
383 3432 616 3498 Glossariorum
638 3433 827 3496 Latinorum
849 3431 910 3496 vol.
933 3431 958 3495 ll
981 3451 1012 3513 p.
1026 3432 1096 3508 508,
1109 3431 1165 3506 56;
1188 3430 1258 3505 509,
1274 3427 1444 3492 taraus.

274 3535 395 3609 87.47;
432 3533 544 3611 5114,
559 3533 606 3596 17.
620 3532 669 3597 88.
682 3533 731 3597 88.
745 3533 793 3598 31.
808 3534 856 3597 38.
869 3532 972 3596 tale
1003 3535 1062 3594 etc.
1086 3531 1176 3609 etc.);
1208 3529 1363 3592 idiomata
1393 3547 1445 3591 co·

276 3635 354 3700 dicis
375 3633 513 3698 Parisini
536 3633 635 3715 (corp.
658 3633 693 3711 11,
713 3634 774 3698 549
789 3631 874 3716 sqq.)
897 3636 974 3706 etc.;
1003 3629 1158 3695 Prisciani
1185 3629 1283 3692 instit.
1308 3647 1444 3709 gramm.

277 3735 340 3812 Vll,
355 3734 394 3797 14
415 3732 497 3810 (Keil
519 3732 545 3795 ll
567 3753 598 3814 p.
622 3734 714 3813 aed:
737 3733 772 3796 tt
792 3733 850 3808 dii,
873 3732 924 3795 leis
947 3732 1019 3810 diis,
1045 3731 1083 3795 ab
1105 3730 1156 3792 his
1181 3728 1252 3791 diis.

356 3850 504 3914 Fortasse
526 3850 588 3913 hoc
610 3870 740 3932 quoque
762 3850 877 3914 afferre
907 3850 998 3926 licet,
1027 3849 1115 3931 quod
1143 3847 1232 3927 apud
1254 3845 1445 3926 scriptorem

273 3950 435 4032 quendam
464 3950 620 4031 sequioris
649 3950 720 4013 aevi
743 3950 839 4014 etiam
864 3949 1062 4031 pronominis
1085 3949 1166 4011 idem
1188 3947 1310 4010 formae
1332 3966 1372 4010 ex
1393 3945 1446 4008 liic

272 4049 463 4132 pronomine
491 4050 655 4114 derivatae
687 4049 902 4114 inveniuntur.
959 4048 1074 4112 Videas
1105 4044 1333 4111 Claudiani
1364 4044 1445 4108 Ma·

271 4149 397 4213 merti
419 4169 517 4230 opera
541 4150 583 4214 ab
604 4149 643 4212 A.
666 4149 881 4230 Engelbrecht
904 4148 1128 4227 (vindobonae
1153 4143 1246 4225 1885)
1269 4144 1366 4220 edita,
1389 4143 1445 4206 ubi

272 4270 337 4316 non
365 4249 469 4314 solum
492 4251 613 4315 hisdem
637 4250 681 4332 (p.
700 4251 751 4328 47,
767 4252 813 4314 17.
837 4252 886 4329 65,
900 4250 948 4314 tt.
972 4251 1063 4327 83,1.
1089 4242 1238 4325 159,11),
1268 4243 1444 4308 sedetiam
