3238 4994
626 415 831 478 ..51-

203 582 365 659 Quorum
393 586 546 652 librorum
572 592 696 655 codices
717 613 791 656 mss.
816 592 957 675 (praeter
979 594 1310 660 Schlettsladtiensem

125 701 224 763 nuper
257 684 450 768 inventum)
486 691 641 770 potissimi
671 698 745 756 sunt
774 693 1010 774 H(arleianus),
1040 715 1064 758 s.
1094 695 1137 758 Xl
1163 697 1310 777 scriptuS,

124 784 269 847 omnium
296 788 562 869 antiquissimus3
592 792 794 873 Gladianus),
817 815 841 857 s
865 794 907 857 Xl
929 795 1075 876 scriptus
1098 795 1154 876 qui
1174 796 1310 860 alterum

122 883 295 967 archetypi
323 890 508 970 exemplum
531 893 681 972 praebet:
705 894 743 956 ci.
765 914 849 975 quae
873 896 1125 964 Valentinus
1151 895 1259 960 Rose
1281 902 1312 961 et

122 981 400 1052 Hermannus
423 990 856 1076 Mueller-Struebing
878 997 910 1058 in
931 996 1062 1060 Vitruvii
1086 997 1233 1061 editionis
1252 999 1312 1061 cri·

122 1085 202 1148 ticae
232 1088 360 1170 Lipsiis
387 1110 473 1154 anno
503 1093 754 1158 MDCCCLXVll
788 1097 923 1161 emissae
953 1099 1054 1179 praef.
1088 1118 1118 1179 p.
1141 1099 1181 1162 til
1211 1104 1242 1163 et
1273 1099 1311 1163 Vl

120 1184 358 1255 iudicaverint.

204 1313 345 1379 Horum
380 1317 535 1381 librorum
566 1318 777 1401 archetypum
810 1320 870 1383 illis
902 1321 1101 1402 temporibus
1133 1322 1182 1385 vel
1215 1323 1313 1403 paulo

121 1417 193 1490 post
214 1414 275 1478 illa
305 1420 466 1498 tempora,
492 1419 609 1500 quibus
632 1421 759 1500 regulas
780 1441 879 1502 supra
904 1421 1081 1503 descriptas
1103 1421 1209 1502 vigere
1233 1422 1313 1486 vidi-

123 1531 206 1590 muS,
232 1523 413 1581 exaratum
438 1539 506 1582 esse
526 1540 566 1582 ex
587 1521 631 1584 eis
653 1541 737 1602 quae
757 1523 895 1585 editores
914 1522 933 1585 l.
947 1542 972 1586 c.
991 1523 1107 1586 docent
1123 1523 1313 1586 concludere

120 1611 203 1676 licet.
253 1617 370 1694 Quam
392 1620 434 1683 ob
457 1639 525 1682 rem
547 1620 634 1684 locos
650 1622 773 1704 aliquot
790 1643 979 1687 occursuros
995 1643 1073 1701 esse,
1096 1643 1177 1705 quos
1193 1623 1312 1687 librarii

124 1731 162 1775 ne
194 1716 275 1781 illas
312 1719 440 1799 regulas
468 1720 626 1785 violarent
659 1725 908 1788 commutavisse
939 1724 1125 1801 videantur,
1159 1743 1312 1804 magnam

124 1832 216 1894 spem
242 1818 420 1884 habemus.

207 1936 332 2020 Neque
349 1940 480 2004 omnino
502 1941 570 2003 sine
592 1942 696 2005 fructu
712 1942 844 2005 Vitruvii
869 1943 964 2005 libros
986 1943 1209 2024 pervestigari.
1239 1943 1310 2020 Qua

126 2039 409 2119 pervestigatione
432 2060 516 2121 quae
537 2041 723 2118 invenerim,
751 2042 911 2105 nonnullis
933 2042 1123 2122 explicanda
1145 2049 1228 2107 sunt.

211 2157 251 2220 ln
287 2158 452 2222 codicibus
481 2160 564 2223 enim
589 2180 654 2223 non
676 2181 751 2224 raro
773 2161 843 2224 illas
865 2161 983 2223 formas
1006 2161 1051 2224 ita
1073 2166 1245 2242 usurpatas
1267 2163 1313 2224 vi-

127 2252 266 2335 demus,
298 2263 334 2322 ut
357 2279 430 2322 cum
455 2260 588 2323 Vitruvii
611 2281 671 2325 usu
694 2262 882 2342 discrepent.
935 2263 1020 2325 luter
1040 2282 1121 2343 quos
1143 2263 1229 2325 locos
1258 2283 1311 2326 su-

126 2362 262 2434 spectos
292 2361 321 2422 ei
351 2360 525 2439 excellunt,
556 2362 673 2443 quibus
702 2362 991 2426 demonstrativum
1018 2361 1060 2425 ad
1087 2362 1310 2427 relativum

128 2459 218 2534 quod
243 2461 390 2542 sequitur
413 2466 545 2542 spectat.

214 2579 265 2642 De
295 2579 346 2643 his
368 2579 479 2660 igitur,
509 2581 661 2661 quoniam
686 2579 796 2644 intali
818 2583 979 2643 structura
1002 2585 1110 2644 utrum
1132 2601 1311 2663 pronomen

129 2678 300 2759 scriptoris
322 2681 544 2744 consuetudini
564 2681 757 2761 respondeat
779 2680 927 2744 facillime
948 2682 1147 2762 perspicitur,
1170 2682 1311 2762 primum

129 2773 347 2858 disputemus

218 2899 285 2962 Sed
317 2899 505 2981 priusquam
537 2919 757 2981 quascumque
789 2898 943 2962 eiusmodi
976 2898 1126 2961 lectiones
1156 2898 1187 2960 in
1218 2899 1311 2962 codd.

133 2993 356 3063 invenerimus
385 3001 574 3077 afferamus,
606 3000 819 3082 praefandum
849 3002 897 3061 est
925 3019 980 3061 eas
1009 3017 1074 3061 non
1102 2998 1205 3062 solum
1235 2999 1312 3062 scri·

134 3101 267 3175 ptorum
286 3101 536 3180 Augusteorum,
559 3102 616 3165 sed
638 3102 735 3165 etiam
753 3100 886 3162 Vitruvii
911 3099 1008 3181 ipsius
1029 3099 1100 3162 usui
1122 3118 1312 3180 repugnare,

133 3203 223 3277 quod
256 3202 469 3283 comprobare
497 3222 577 3282 opus
607 3205 674 3265 est:
706 3221 782 3264 nam
812 3200 1055 3282 pronominibus
1077 3199 1128 3262 liic
1156 3205 1187 3263 et
1212 3201 1240 3262 is
1262 3200 1313 3262 ille

136 3315 202 3364 non
229 3302 343 3364 eadem
366 3303 396 3364 vi
420 3322 458 3365 ac
477 3303 601 3366 ratione
616 3303 663 3366 uti
675 3303 810 3380 videtur,
833 3319 899 3383 qua
911 3300 1062 3380 aequales
1073 3300 1141 3363 eius
1152 3299 1311 3363 clariores.

136 3399 244 3466 Audet
275 3404 378 3480 enim,
408 3407 445 3466 ut
465 3403 526 3466 lmc
558 3403 704 3483 exemplo
734 3406 824 3479 utar,
855 3401 1046 3482 compluries
1075 3421 1255 3482 pronomen
1285 3402 1313 3463 is

136 3501 233 3566 etiam
264 3503 306 3567 ad
334 3523 401 3566 rem
432 3508 635 3584 praesentem
662 3502 825 3582 oculisque
858 3501 1034 3564 subiectam
1066 3502 1311 3581 significandam

136 3603 308 3676 adbibere;
342 3604 380 3667 ci.
412 3604 586 3684 (Rosianae
617 3601 775 3682 editionis)
805 3621 835 3682 p.
861 3602 888 3678 1,
903 3602 941 3664 15
970 3622 1007 3663 co
1030 3601 1087 3663 libi
1110 3602 1231 3666 alerem
1253 3622 1312 3682 pro

137 3700 225 3776 boam
256 3705 332 3768 ilem
357 3726 388 3786 p.
405 3707 476 3781 ll‚l
503 3727 539 3769 eo
561 3704 737 3779 collimina3
767 3723 798 3783 p.
829 3703 910 3779 698
933 3722 1037 3763 eorum
1056 3710 1310 3784 praeceptorum,

137 3821 168 3882 p.
192 3806 262 3882 918,
276 3807 314 3869 14
335 3827 371 3868 co
393 3807 570 3879 colornium
602 3824 632 3884 p.
648 3805 746 3879 158‚9
776 3803 810 3865 id
828 3801 958 3885 profero
980 3822 1093 3884 corpus
1121 3803 1310 3884 (pronomen

139 3902 188 3967 lris
202 3906 279 3969 locis
294 3907 335 3970 ad
351 3907 467 3969 librum
484 3906 589 3986 ipsum
613 3923 708 3986 quem
732 3902 912 3978 conscribit,
935 3900 1092 3982 spectat);
1114 3923 1146 3983 p.
1169 3903 1239 3979 989,
1252 3903 1309 3965 99ε

139 4006 172 4068 id
188 4006 306 4086 populo
323 4007 410 4068 dedit
432 4027 547 4068 mainus
570 4003 663 4084 (haec
686 4003 809 4066 muneri
832 4003 892 4083 ipsi
912 4003 1063 4084 inscripta
1085 4023 1153 4066 esse
1174 4003 1308 4082 narrat).

223 4124 281 4187 Hic
303 4125 532 4206 pronominum
559 4143 635 4186 usus
657 4122 724 4185 sine
746 4121 845 4184 dubio
867 4141 939 4184 cum
959 4141 1006 4197 e0,
1029 4141 1124 4201 quem
1142 4122 1311 4201 scriptores

142 4225 261 4288 classici
291 4231 486 4307 sequuntur,
521 4223 674 4288 dissentit.
728 4221 857 4284 Minime
890 4221 986 4301 igilur
1015 4225 1162 4284 constare
1195 4223 1310 4285 dixeris
