3238 4994
810 442 1013 504 ..rg-

328 623 492 697 carebant‚
512 621 566 682 vix
582 620 818 700 perciperetur:
840 618 949 698 itaque
966 617 1194 699 antiquissimis
1212 618 1276 680 iam
1296 614 1496 695 temporibus

327 723 495 786 occasione
518 720 595 784 data
618 719 780 783 sublatum
804 737 871 781 esse
891 717 1093 798 intellegitur.

408 823 594 903 Numquam
625 819 726 893 enim,
758 822 794 882 ut
824 818 886 881 boc
916 819 1061 899 exemplo
1089 820 1177 893 utar,
1208 816 1239 878 in
1271 834 1348 878 voce
1370 817 1495 877 irresera-

326 923 465 986 litteram
483 921 501 984 lr
519 921 673 1001 scriptam
685 919 874 995 invenimus
891 935 988 998 quam
1002 921 1111 981 tamen
1124 917 1197 980 olim
1214 916 1413 978 enuntiatam
1427 935 1494 978 esse

327 1043 345 1086 e
368 1019 701 1102 conrparata'Graeca
722 1018 832 1098 lingua
853 1017 1063 1081 conciuditur.
1107 1017 1131 1079 Ε
1152 1015 1313 1079 contrario
1335 1013 1494 1078 nonnullis

326 1122 468 1197 vocibus,
486 1120 581 1183 veluti
598 1119 668 1181 voci
685 1117 832 1196 lelandi,
855 1117 998 1179 oninium
1016 1121 1197 1196 temporum
1218 1133 1376 1178 consensu
1390 1115 1489 1178 littera

326 1221 347 1283 lr
379 1221 602 1302 anteponitur,
634 1237 718 1300 quae
747 1237 765 1280 e
792 1215 950 1298 principio
980 1214 1175 1296 aspiratione
1197 1213 1337 1278 caruisse
1359 1215 1490 1279 videtur.

326 1322 438 1402 Neque
459 1320 554 1402 igitur
575 1319 691 1382 mirum
715 1323 763 1382 est
778 1316 939 1381 interdurn
957 1314 1106 1383 dubitari.
1130 1320 1236 1379 utrum
1252 1315 1339 1378 vocis
1362 1316 1493 1380 alicuius

326 1423 430 1504 prima
453 1421 558 1485 littera
580 1418 699 1483 vocalis
721 1418 760 1482 sit
781 1437 823 1482 an
846 1418 952 1481 littera
974 1416 1003 1480 r.
1046 1417 1092 1480 De
1109 1416 1257 1499 qualibus
1277 1416 1409 1480 vocibus
1429 1434 1492 1479 non

326 1522 427 1586 solum
458 1521 565 1584 minus
593 1519 734 1583 eruditos
758 1553 795 1564 -
817 1537 1018 1600 quamquam
1042 1537 1096 1580 eos
1117 1517 1307 1599 praecipue:
1338 1516 1494 1599 equibus

327 1621 491 1686 Arrium
511 1620 601 1683 illurn
624 1639 642 1683 a
661 1618 787 1683 Catullo
810 1618 952 1682 carmine
967 1617 1123 1681 LXXXIV
1146 1616 1271 1680 irrisum
1295 1636 1490 1698 propono-—

326 1720 382 1784 sed
399 1721 495 1785 etiarn
511 1719 596 1783 viros
613 1719 822 1794 doctissimos
841 1716 937 1781 veluti
956 1717 1180 1794 Varronem,
1201 1717 1263 1780 iarn
1284 1717 1327 1780 ab
1344 1716 1494 1780 extremis

326 1821 447 1884 liberae
475 1820 521 1884 rei
552 1817 699 1900 publicae
732 1818 931 1900 temporibus
962 1817 1118 1880 erravisse
1146 1816 1195 1880 vel
1228 1817 1367 1880 incertos
1399 1816 1494 1879 luisse

324 1924 460 1984 constat.
501 1918 594 1993 Quod
617 1918 758 1982 emultis
781 1917 1067 1999 grammaticorum
1089 1917 1286 1993 testimoniis,
1310 1937 1395 1999 quae
1417 1935 1443 1978 e.
1464 1935 1491 1977 c.

328 2019 416 2101 apud
447 2018 674 2084 Seelnrannum
707 2019 883 2098 composita
914 2017 1019 2081 denuo
1048 2019 1199 2082 exhibere
1227 2017 1317 2093 nole,
1347 2018 1492 2081 efficitur.

325 2120 390 2183 Nisi
415 2118 501 2202 quod
518 2118 727 2182 Varronem
751 2117 894 2194 afferam,
917 2119 973 2198 qui
988 2125 1077 2181 crtus
1094 2137 1157 2181 non
1173 2119 1291 2194 borlas,
1316 2117 1492 2181 Verrium

324 2220 533 2296 Flaccum,
557 2218 613 2300 qui
634 2237 734 2300 prave
755 2218 870 2281 alicam
894 2237 952 2299 pro
974 2219 1080 2282 halica
1100 2219 1268 2300 praetulit;
1292 2219 1373 2282 sicut
1394 2217 1490 2280 etiam

324 2319 355 2382 in
378 2319 489 2382 Festi
513 2319 614 2382 lexico
635 2317 819 2398 irqaitaltus
840 2317 900 2380 sub
923 2318 1057 2382 ilittera
1080 2323 1271 2382 recensetur.
1306 2318 1392 2382 ldem
1416 2337 1493 2380 con-

324 2418 470 2482 firmatur
491 2418 632 2500 antiquis
656 2417 914 2499 inscriptionibus
926 2417 959 2497 ¹),
982 2417 1071 2480 ubil
1093 2418 1200 2481 littera
1223 2424 1249 2480 el
1267 2417 1299 2480 in
1317 2417 1489 2481 verborum

324 2518 413 2580 initio
433 2522 508 2581 ante
524 2518 722 2597 Augusteam
743 2521 882 2581 aetatem
901 2531 1157 2597 nonnumquam,
1175 2520 1288 2597 postea
1307 2516 1493 2596 saepissime

323 2617 442 2680 omissa
464 2620 527 2679 est:
555 2615 628 2679 vide
656 2637 806 2700 orrcspea
829 2617 893 2680 ClL
918 2619 932 2680 l
957 2618 1051 2687 134&
1083 2615 1212 2696 edales)
1245 2616 1317 2678 ibid.
1350 2614 1491 2679 roslar.

323 2716 472 2797 Spuriam
506 2717 525 2776 h
553 2719 629 2780 ante
659 2716 686 2778 ll
709 2736 741 2796 p.
764 2715 838 2780 Chr.
861 2716 980 2779 saeculi
1009 2717 1145 2780 alteram
1176 2722 1299 2798 partem
1331 2715 1493 2779 rarissime

324 2815 457 2879 inveniri
481 2815 560 2879 dixit
582 2814 718 2879 Corssen
742 2815 760 2878 l.
783 2834 809 2878 c.
832 2836 863 2896 p.
887 2816 961 2890 1103
983 2817 1070 2898 quod
1091 2817 1247 2880 refutatur
1263 2816 1311 2878 vel
1330 2816 1384 2879 illo
1398 2814 1491 2877 Arrio

323 2917 389 2979 sive
409 2915 526 2979 Harrio
556 2916 642 2996 apud
665 2915 825 2979 Catullum
856 2915 967 2990 obvio;
999 2917 1115 2980 rnirurn
1144 2917 1240 2978 etiam
1272 2915 1358 2995 quod
1381 2914 1492 2976 Festus

323 3035 353 3095 p.
373 3017 454 3092 71‚9
477 3016 552 3094 (rec.
571 3014 607 3078 Ο.
624 3015 745 3090 Miiller,
768 3015 963 3094 Lips1839)
986 3015 1075 3078 lieres
1096 3034 1156 3095 pro
1182 3014 1307 3078 ‹terrim›
1332 3011 1490 3095 apposuit,

323 3114 378 3177 ubi
401 3135 487 3178 crum
517 3113 766 3194 intellegendum
797 3134 865 3178 esse
895 3115 1101 3178 commendat
1131 3114 1357 3194 glossariorum
1387 3116 1492 3194 poste-

323 3214 444 3277 riorum
467 3214 705 3294 comparatio.²)
1037 3205 1038 3208 '

405 3313 508 3376 Huius
529 3314 781 3394 perturbationis
805 3316 951 3395 exempla
974 3319 1118 3396 tempore
1142 3315 1367 3396 progrediente
1390 3312 1492 3376 multo

323 3432 494 3492 augescere
516 3413 679 3490 videmus,
711 3414 755 3477 ita
776 3419 812 3478 ut
834 3421 945 3496 postea
968 3414 1039 3478 libri
1061 3434 1136 3476 mss.
1162 3415 1205 3478 eis
1227 3415 1401 3477 abundent.
1447 3413 1492 3477 De

322 3532 386 3593 qua
410 3531 444 3575 re
474 3513 648 3576 multarum
679 3513 856 3577 editionum
890 3515 1104 3595 praefationes
1134 3515 1394 3596 appendit-esque
1417 3533 1492 3577 con-

322 3611 471 3675 ferendae
493 3617 584 3688 sunt,
615 3612 670 3676 ubi
693 3613 760 3677 eius
783 3613 869 3677 modi
895 3615 1041 3695 exempla
1064 3622 1138 3678 sunt
1162 3615 1312 3687 collecta,
1337 3613 1493 3694 equibus

322 3730 555 3775 commemoro:
588 3712 812 3775 Ribbeckii
842 3712 1090 3792 Vergiliana
1120 3713 1417 3793 prolegomena
1441 3711 1492 3792 (cf.

321 3809 457 3874 indicem
489 3832 518 3892 p.
541 3812 712 3893 lblsqql3
744 3812 901 3876 Kelleri
934 3812 1222 3894 epilegomena
1255 3812 1492 3875 Horatiana

322 3910 371 3987 (cl.
402 3910 466 3972 ind.
497 3931 526 3991 p.
555 3912 645 3985 altr
677 3911 951 3975 Studemundi
982 3912 1244 3992 apographorum
1277 3947 1313 3956 —
1345 3910 1491 3974 codicum

324 4037 517 4044 ——-——-.-

391 4099 417 4165 1)
437 4098 476 4152 Gi.
497 4099 651 4154 Brambacb
670 4100 687 4154 l.
706 4118 728 4154 c.
747 4119 772 4169 p.
796 4101 862 4164 283;
883 4100 1027 4156 Scelmann
1046 4119 1072 4170 p.
1093 4102 1153 4154 263.

389 4185 415 4254 2)
436 4185 527 4241 Debeo
554 4187 637 4252 baec,
662 4191 694 4240 ut
718 4189 821 4252 multa,
847 4187 1035 4243 Theodoro
1061 4187 1155 4249 Birt,
1183 4189 1318 4256 magistro
1342 4186 1491 4243 venerabili

322 4271 365 4336 (cf.
386 4271 453 4326 Mus.
475 4272 561 4327 Rhea.
581 4274 713 4344 supplem.
734 4275 778 4328 Lll
797 4275 826 4328 in
845 4274 996 4345 appendice
1013 4293 1039 4344 p.
1061 4276 1131 4341 194).
