3238 4994
797 427 1001 490 „20-

319 604 358 668 Α.
380 603 475 670 Riese
497 625 528 670 n.
554 606 655 682 1924
681 606 725 682 lin
749 606 859 669 codice
882 605 1107 684 Salmasiano).
1151 607 1187 668 is
1214 605 1316 690 capiet
1342 604 1482 688 palmam

317 727 408 787 quem
431 706 513 770 bonu
540 705 612 788 fiala
644 707 770 772 incant.
801 706 930 768 ubilis
960 707 992 769 in
1016 708 1079 770 ΑΒ.
1127 706 1175 769 Cr.
1205 707 1302 768 etiam
1333 705 1483 768 Stude·

318 805 457 869 mundi
481 805 554 869 Gai
577 806 813 870 institutionum
838 806 1009 869 veronens,
1033 806 1181 887 palimps.
1205 805 1428 886 apographon,
1452 807 1482 866 in

317 904 407 968 cuius
427 905 532 968 indice
554 905 598 986 (p.
621 905 682 969 318
703 925 728 968 s.
751 926 780 966 v.
801 906 867 968 his
885 927 946 988 pro
969 908 1004 968 ie
1025 927 1106 968 noni.
1130 907 1188 986 sp.)
1218 905 1401 986 quindecim
1424 905 1484 966 loci
1583 943 1587 952 ·

317 1003 422 1068 collati
443 1009 527 1078 sunt,
548 1005 667 1086 quibus
687 1005 737 1068 hie
756 1025 817 1087 pro
840 1026 925 1069 nom.
949 1008 978 1068 is
999 1007 1153 1087 scriptum
1176 1010 1233 1069 ost.

401 1112 469 1175 lam
492 1112 590 1176 sentis
610 1131 676 1194 quo
691 1112 833 1176 tendam.
865 1113 948 1176 Nam
971 1114 1084 1176 eodem
1106 1113 1203 1177 modo
1226 1112 1371 1175 videlicet
1388 1111 1483 1172 etiarn

317 1210 358 1273 de
380 1211 489 1274 formis
519 1211 778 1276 demonstrativis
809 1215 935 1277 numeri
957 1214 1105 1294 pluralis,
1138 1214 1178 1276 de
1206 1213 1324 1294 quibus
1344 1211 1485 1274 maxime

317 1311 439 1391 agitur,
468 1313 567 1376 errari
590 1312 697 1393 potuit
717 1332 756 1376 ac
780 1313 900 1376 debuit.
950 1314 1182 1394 Exspectamus
1204 1314 1306 1391 enim,
1330 1310 1483 1392 quoniam

318 1411 391 1475 illae
411 1413 533 1476 formae
553 1413 587 1475 hi
608 1417 638 1477 et
660 1415 686 1476 ii
707 1415 728 1490 i,
751 1413 802 1476 his·
824 1419 855 1477 et
879 1415 920 1476 iis
943 1415 971 1475 is
993 1413 1234 1494 monosyllabae
1257 1412 1344 1475 nulla
1367 1431 1401 1474 re
1424 1411 1482 1473 nisi

319 1513 515 1594 aspiratione
538 1514 745 1590 differebant,
768 1534 824 1577 eas
846 1515 876 1577 in
900 1515 1100 1579 enuntiando
1121 1515 1260 1595 primum
1283 1532 1486 1576 nonnum-

318 1633 455 1695 quam,
487 1614 527 1676 ad
556 1618 734 1678 extremum
766 1619 893 1685 autem.
924 1615 978 1677 ubi
1008 1615 1162 1696 aspiratio
1192 1633 1322 1694 prorsus
1342 1613 1485 1681 evanuit.

318 1712 485 1777 omnino
516 1714 547 1776 in
575 1733 674 1778 unam
703 1714 823 1778 coiisse.
875 1714 929 1778 Sin
962 1719 1071 1778 autem
1093 1715 1253 1788 coierunt,
1282 1713 1350 1776 fieri
1371 1713 1485 1793 potuit,

317 1815 354 1875 ut
376 1812 501 1876 illarum
525 1813 699 1877 formarum
717 1813 791 1876 inde
813 1834 832 1876 a
857 1815 963 1877 nescio
985 1834 1050 1896 quo
1068 1819 1213 1894 tempore
1230 1833 1271 1875 ne
1292 1812 1340 1874 vis
1354 1812 1484 1893 quidem

318 1929 356 1974 ac
387 1911 475 1975 notio
502 1911 759 1992 distingueretur.
818 1914 909 1991 Quae
944 1915 1083 1996 suspicio
1119 1933 1192 1978 cum
1226 1912 1486 1994 inscriptionibus

319 2045 355 2054 -
381 2011 537 2093 equibus
560 2011 714 2077 nonnulla
736 2016 882 2096 exempla
907 2015 990 2078 infra
1012 2016 1144 2078 afferam
1168 2049 1208 2057 -
1229 2016 1298 2076 turn
1322 2011 1486 2076 codicibus

317 2129 391 2174 mss.
415 2111 654 2193 comprobatur.
1361 2108 1365 2114 ’

400 2217 552 2282 Ceterum
577 2219 650 2284 talis
671 2221 815 2284 conlusio
837 2222 943 2284 minus
965 2223 1046 2284 mira
1070 2240 1138 2284 esse
1159 2220 1252 2284 nobis
1268 2218 1438 2288 videbitur,
1461 2217 1485 2277 si

318 2317 397 2381 alias
418 2319 577 2400 quasdam
608 2321 783 2384 eorundem
807 2321 1034 2401 pronominum
1058 2320 1178 2384 formas
1202 2319 1359 2402 posterius
1390 2317 1486 2382 inusi-

255 2434 257 2440 ’
317 2423 402 2483 tatas
425 2418 456 2481 in
480 2419 754 2500 comparationem
782 2421 1011 2484 vocaverimus.
1045 2422 1084 2485 ut
1106 2423 1243 2502 primum
1267 2419 1397 2502 quidem
1421 2419 1484 2481 iam

318 2517 500 2599 antiquiore
529 2522 673 2600 tempore
694 2519 816 2600 priscos
845 2520 969 2583 dativos
997 2521 1063 2583 sive
1095 2521 1253 2585 ablativos
1283 2520 1336 2600 qui
1359 2519 1486 2581 fuerunt

319 2618 330 2678 i
338 2616 410 2680 bns
432 2621 465 2681 et
485 2616 607 2681 laibos
629 2619 720 2682 simili
745 2621 920 2683 confusioni
943 2621 1099 2685 obnoxios
1127 2622 1220 2685 fuisse
1242 2620 1380 2701 suspicio
1402 2619 1486 2696 est.¹)

318 2716 508 2797 Legitimam
542 2718 679 2782 formam
716 2722 814 2801 atque
845 2721 1017 2800 genuinam
1054 2721 1149 2784 luisse
1183 2720 1373 2784 crediderim
1404 2718 1486 2791 ibam

319 2817 559 2897 respondebant
589 2818 673 2881 enirn
703 2819 785 2883 inter
814 2840 847 2883 se
871 2825 906 2884 ut
929 2822 962 2883 id
982 2826 1013 2885 et
1036 2821 1130 2906 qnid,
1161 2823 1204 2884 ila
1227 2822 1322 2883 etiam
1356 2820 1426 2882 ilius
1455 2823 1487 2882 et

318 2917 449 2998 quibas,
481 2917 603 3000 fuitque
634 2919 728 2984 huius
759 2920 890 3001 quidem
924 2920 1166 2984 demonstrativi
1198 2922 1294 3001 stirps
1324 2919 1486 3001 primitiva

320 3037 400 3100 pura
423 3023 455 3081 et
475 3018 610 3100 simplex
633 3021 644 3081 i
667 3020 785 3084 vocalis
807 3020 956 3084 brevis.

401 3126 469 3190 lam
487 3145 562 3188 vero
576 3125 615 3189 rb
626 3147 670 3188 ns
684 3146 743 3209 pro
754 3127 941 3209 pyrrhichio
957 3129 1095 3208 positum
1110 3146 1307 3209 quamquam
1326 3144 1485 3206 nusquam

319 3225 456 3290 traditur
467 3229 577 3290 tamen
589 3226 638 3290 his
650 3227 726 3290 locis
744 3246 817 3290 cum
831 3247 951 3308 magna
963 3228 1123 3291 evidentia
1136 3229 1315 3290 restitutum
1330 3230 1393 3288 est:
1410 3225 1487 3288 Lu-

318 3325 381 3388 cil.
398 3325 510 3406 fragm.
535 3327 595 3388 inc.
616 3327 676 3388 114
695 3346 725 3408 p.
744 3328 802 3390 147
826 3327 871 3408 (L.
890 3328 1049 3406 Muellerl:
1073 3334 1164 3408 atque
1181 3330 1313 3411 cuiqam,
1337 3324 1427 3387 ihus
1449 3323 1488 3386 ab

318 3424 408 3488 rebus
429 3427 564 3508 clepsere
583 3425 655 3506 foro
680 3428 743 3507 qui,
766 3448 831 3509 quo
853 3428 931 3503 loco,
957 3427 1089 3491 Varron.
1114 3428 1160 3490 De
1179 3428 1243 3506 ling
1274 3427 1342 3488 Lat.
1366 3424 1489 3498 naeu

318 3523 446 3601 tradito,
469 3525 579 3589 codd:
603 3525 657 3603 ibi,
681 3525 839 3606 Scaliger:
863 3528 940 3602 ibas,
964 3527 1166 3607 quodetiam
1188 3532 1289 3589 metro
1308 3524 1488 3605 flagitatum

317 3623 477 3690 Lucret.
504 3626 542 3700 ΙΙ,
555 3627 604 3689 87.
616 3626 657 3689 88
680 3629 936 3710 ...nequeenim
953 3629 1079 3703 mii-nm,
1099 3626 1274 3689 durissima
1291 3645 1372 3709 quoe
1388 3625 1454 3687 sint
1466 3630 1485 3693 ll

389 3820 413 3888 l)
432 3819 473 3874 Ci.
493 3819 526 3874 H.
546 3819 799 3876 Schweiaer-Sidler
817 3838 843 3874 u.
860 3821 891 3874 A.
907 3821 1015 3888 Surber,
1034 3821 1208 3875 Grammatik
1227 3821 1275 3874 der
1293 3823 1341 3875 tat.
1357 3819 1490 3889 Sprache⁹

320 3907 331 3960 l
350 3926 375 3978 p.
399 3908 447 3962 120
467 3910 496 3962 ot
517 3908 580 3970 122;
599 3908 641 3962 Fr.
661 3907 743 3975 stola,
763 3907 821 3962 Lat.
841 3906 1242 3962 Formenlehve=Handbuch
1260 3908 1286 3962 d.
1304 3907 1384 3961 klass.
1401 3907 1489 3960 Alter-

318 3993 560 4062 tumawissensch.,
588 3995 639 4048 vol.
661 3995 696 4048 ll¹
720 4014 747 4065 p.
766 3995 833 4058 349;
861 3994 890 4046 R.
911 3994 1053 4052 Kuehner.
1080 3995 1201 4048 Gramm.
1223 3994 1233 4046 l
1259 4012 1285 4062 p.
1306 3996 1372 4055 389;
1402 3995 1488 4048 Neue·

320 4079 471 4151 Wagener,
498 4081 704 4137 Formenlehre¹
724 4083 745 4134 ll
765 4081 879 4149 386eq.;
907 4080 1026 4150 Georges
1043 4080 1159 4134 Lexicon
1186 4080 1212 4134 d.
1232 4082 1280 4135 lat.
1301 4080 1489 4135 Wortlormen

319 4167 401 4238 (Lips.
421 4167 498 4233 1890)
527 4185 552 4237 p.
572 4169 623 4222 320
641 4185 661 4221 s.
683 4185 706 4222 v.
726 4170 770 4220 hic
788 4170 816 4222 et
835 4168 885 4222 365
903 4185 924 4220 s.
941 4185 966 4220 v.
984 4170 1035 4231 ic;v
1052 4167 1156 4223 [rueret.
1176 4169 1217 4223 ed.
1237 4168 1404 4222 Lachmann.
1429 4168 1487 4236 (Be-

319 4255 367 4309 rol.
390 4255 466 4322 1850)
485 4271 504 4324 p
531 4255 582 4308 262
601 4254 636 4309 ad
656 4255 771 4325 quat.
