3238 4994
593 465 798 528 ‚53-

135 639 201 702 libro
228 639 272 704 ici.
294 640 505 705 Studemundi
536 642 629 706 indic.
660 664 690 725 p.
713 646 773 708 319
804 649 836 708 et
866 627 961 707 huius
989 642 1221 707 dissertationis
1250 666 1280 727 p.

134 739 227 821 llsq.)
248 777 285 784 —
307 761 507 825 quamquam
538 743 600 807 hac
631 763 708 808 una
739 765 774 808 re
802 745 947 810 nondum
976 744 1053 807 satis
1082 745 1282 809 evinceretur

133 841 171 901 etr
188 839 310 904 ianuam
335 861 407 905 cum
440 845 479 906 lis
502 846 529 907 is
552 850 581 908 et
604 844 655 907 lis
682 866 796 926 porsus
825 847 857 909 in
888 845 1086 909 enuntiando
1116 846 1281 910 confusam

133 961 189 1002 csse
206 947 295 1023 atque
317 943 348 1005 in
369 963 466 1007 unam
489 965 599 1009 vocem
623 947 734 1010 coiise:
759 947 866 1028 itaque
888 947 984 1010 etiam
1003 947 1064 1010 alia
1079 950 1281 1027 argumenta,

132 1042 230 1122 quibus
250 1062 323 1106 usus
345 1063 426 1121 sum,
452 1047 631 1110 necessaria
655 1047 819 1127 fuerunt.¹)

199 1149 313 1226 Quibus
335 1151 432 1214 rebus
454 1152 589 1232 cognitis
612 1158 835 1234 exspectamus
856 1153 916 1217 has
940 1153 1021 1217 duas
1043 1153 1173 1229 formas
1197 1173 1281 1234 quae

129 1250 155 1311 in
176 1269 261 1313 unam
284 1252 435 1329 coierant,
459 1253 570 1316 eodem
596 1255 777 1335 modoque
802 1253 953 1335 gemellas
975 1253 1114 1336 reliquas
1137 1255 1165 1318 ct
1186 1255 1218 1317 el
1238 1237 1304 1330 lis

127 1371 173 1411 om
190 1355 218 1413 et
237 1351 301 1428 buc,
324 1353 413 1416 omni
435 1353 628 1418 titubatione
651 1355 789 1431 sublata,
812 1374 878 1418 una
900 1358 1025 1418 tantum
1047 1354 1206 1418 scribendi
1229 1374 1281 1418 ra·

128 1451 199 1513 lione
226 1472 242 1514 a
271 1452 408 1516 librariis
438 1454 581 1533 exprimi.
631 1454 737 1532 Quam
767 1455 1036 1536 exspectationem
1066 1474 1131 1517 non
1161 1454 1281 1536 expleri

126 1551 164 1614 eis
189 1572 266 1633 quae
294 1573 393 1635 supra
423 1575 452 1635 p.
477 1555 516 1617 a?
526 1575 595 1636 sqq.
626 1555 791 1619 attulimus
821 1556 983 1619 docemur.
1032 1554 1115 1618 Nam
1138 1554 1281 1618 inlibris

126 1652 337 1717 iuridicialibus
368 1658 397 1717 et
427 1655 526 1718 sacris
549 1656 881 1737 interpretationibus
912 1656 943 1719 in
975 1655 1091 1737 quibus
1115 1654 1156 1718 ad
1179 1655 1280 1719 nomi·

124 1753 252 1816 nativum
281 1755 363 1835 plur.
386 1775 483 1819 masc.
516 1759 547 1819 et
570 1756 641 1819 fem.
669 1756 917 1837 significandum
940 1754 1022 1820 aliae
1043 1755 1205 1820 scribendi
1226 1775 1279 1820 ra-

29 1889 30 1908 t
124 1853 212 1916 tiones
225 1859 352 1936 praeter
367 1856 400 1918 ln‘
415 1859 445 1919 et
461 1855 521 1919 hue
536 1861 627 1920 tanta
643 1876 720 1922 cura
733 1858 1079 1939 repudiantur,'lamen
1095 1876 1160 1920 non
1177 1856 1279 1920 solum

121 1953 165 2015 tis
185 1960 303 2036 regnat,
327 1956 383 2019 sed
406 1957 502 2020 etiam
527 1959 571 2020 cis
593 1958 751 2039 scriptura
774 1957 880 2021 locum
905 1977 998 2021 suum
1022 1957 1152 2020 retinuit
1175 1976 1280 2038 neque

29 2077 31 2140 ξ
120 2055 281 2136 exstirpata
304 2060 361 2120 est.
410 2058 479 2122 lam
508 2078 585 2122 vero
613 2059 763 2122 videntur
784 2058 834 2121 bis
855 2062 887 2122 et
909 2059 952 2121 eia
979 2058 1105 2121 diversa
1134 2057 1166 2120 vi
1189 2076 1280 2121 usur-

120 2156 190 2235 pari.
241 2156 347 2234 Quam
378 2177 438 2238 ego
468 2157 681 2222 differentiam
710 2159 866 2223 sermonis
899 2177 963 2240 quo
993 2158 1052 2222 illis
1082 2157 1281 2238 temporibus

119 2255 255 2321 homines
276 2259 452 2322 utebantur
479 2260 701 2323 consuetudini
724 2259 927 2341 respondisse
949 2279 1013 2323 non
1036 2258 1148 2334 cred03
1180 2258 1279 2321 immo

29 2341 31 2446 l
118 2357 209 2421 valuit
230 2358 292 2422 hac
313 2359 347 2422 in
374 2379 409 2423 re
438 2360 559 2442 aliquid
590 2360 875 2436 grammaticorum
906 2360 1013 2428 nescio
1042 2378 1179 2440 quorum
1203 2359 1279 2422 doc·

29 2463 31 2546 l
116 2458 210 2522 trinae
237 2463 270 2522 et
303 2460 420 2523 artium
450 2465 680 2542 praeceptum,
710 2481 774 2543 quo
804 2460 923 2524 librarii
952 2461 1048 2524 etiam
1079 2463 1279 2541 repugnante

29 2549 31 2572 ⁸
113 2559 214 2623 vivida
237 2560 346 2642 lingua
369 2563 412 2624 cis
434 2563 476 2624 ab
498 2561 549 2626 tis
572 2562 766 2642 distinguere
788 2561 991 2626 iubebantur.
1026 2561 1080 2624 ld
1103 2561 1190 2642 quod
1213 2579 1278 2623 non

177 2705 202 2773 1)
222 2705 295 2760 Nam
313 2724 361 2760 cur
379 2722 435 2759 non
448 2707 552 2760 lactum
572 2724 627 2761 esse
640 2711 737 2776 potest,
757 2710 788 2760 ut
803 2710 846 2760 his
863 2707 960 2766 forma.
979 2705 1027 2760 ubi
1042 2706 1077 2760 ad
1090 2710 1116 2759 is
1127 2722 1279 2776 pronomen

109 2794 283 2862 trahebatur,
312 2797 405 2848 tamen
431 2793 601 2848 solummodo
628 2813 676 2864 pro
704 2799 739 2847 iis
763 2795 819 2848 sive
842 2797 880 2857 is,
906 2812 1041 2862 nusquam
1060 2797 1153 2848 autem
1172 2811 1222 2864 pro
1240 2796 1279 2848 eis

110 2881 305 2951 usurparetur?
348 2881 420 2936 Nam
447 2881 516 2950 quid
541 2882 633 2936 obstat
652 2881 796 2950 quominus
813 2881 880 2935 haec
899 2882 988 2935 forma
1007 2884 1059 2950 cis,
1085 2885 1194 2949 praeter
1212 2880 1279 2933 illud

110 2971 142 3020 iic
160 2969 216 3036 (ia),
235 2969 312 3037 quasi
333 2969 454 3024 eiusdem
468 2987 544 3024 casus
559 2971 647 3024 altera
660 2971 749 3024 forma
768 2970 862 3037 (quam
877 2969 963 3023 nostri
976 2967 1150 3038 grammatici
1169 2971 1278 3036 „satz-

110 3055 352 3126 doppelform“
371 3057 460 3112 dicere
478 3058 575 3124 solent)
604 3061 712 3111 servata
736 3057 791 3111 sit?
834 3057 930 3126 ltaque
955 3059 1072 3110 hicnon
1091 3073 1141 3126 pro
1159 3059 1214 3124 eis,
1232 3055 1279 3110 sed

110 3161 154 3212 pro
172 3147 209 3197 iia
227 3147 339 3201 tantum
358 3145 495 3215 irrepsisse
511 3144 636 3199 dixerim.
668 3145 791 3199 Fortasse
809 3143 894 3199 etiam
913 3148 1023 3214 praeter
1041 3147 1077 3196 iis
1096 3146 1141 3211 (is)
1161 3144 1218 3196 sive
1236 3146 1279 3196 bis

110 3231 195 3286 forma
212 3249 284 3300 quae
304 3235 346 3287 est
361 3235 407 3296 ets,
427 3251 498 3302 quae
516 3237 642 3289 accurate
659 3232 755 3286 formis
774 3251 803 3286 ec
822 3235 880 3285 clus
899 3235 923 3286 ci
942 3233 1020 3301 (dati
1041 3250 1099 3285 eum
1118 3249 1175 3286 eam
1193 3248 1222 3284 eo
1240 3249 1278 3297 ea,

110 3337 137 3371 rc
153 3337 247 3374 eorum
265 3338 359 3374 earum
376 3338 419 3374 ros
437 3339 483 3374 eas
501 3321 682 3390 respondebat
703 3320 797 3387 (ctiam
817 3320 847 3372 in
864 3321 1053 3386 enuntiando),
1073 3321 1115 3373 vel
1134 3322 1279 3388 propterea

109 3407 258 3462 necessaria
276 3411 337 3462 erat
354 3408 428 3477 quod
446 3408 524 3476 quasi
544 3407 741 3478 „paradigma‘¹
761 3405 810 3460 illo
828 3425 892 3461 casu
910 3425 965 3462 non
984 3408 1064 3462 facile
1083 3405 1195 3461 carebat
1214 3405 1277 3475 (ie.

113 3513 144 3550 ea
167 3495 202 3549 de
220 3513 303 3550 causa
320 3513 403 3564 quam
422 3512 470 3548 nos
489 3496 786 3563 „systemzwang“
807 3494 942 3560 dicimus).
989 3495 1044 3548 Hoc
1062 3495 1143 3549 modo
1162 3495 1279 3548 sormam

108 3587 143 3636 cla
162 3600 192 3636 re
207 3601 273 3638 vera
290 3582 439 3652 separatim
457 3585 593 3636 servatam
615 3599 671 3636 esse
685 3600 852 3650 quamquam
873 3581 985 3636 minime
996 3598 1186 3644 asseveramus,
1206 3583 1278 3635 certe

107 3673 199 3726 tamen
217 3670 405 3724 concludimus
423 3688 457 3725 ex
475 3670 527 3723 hac
544 3669 742 3723 deliberatione
760 3670 828 3723 illud
847 3673 1040 3738 argumentum
1054 3666 1205 3722 -scilicet
1223 3667 1279 3721 iam

107 3762 170 3812 ante
189 3757 314 3812 codicum
330 3760 457 3826 tempora
472 3757 667 3827 pronominum
682 3758 867 3811 confusionem
888 3757 1026 3824 quandam
1042 3754 1226 3810 animadverti
1245 3785 1278 3792 -

107 3863 172 3899 non
190 3844 369 3900 sufficere
387 3845 422 3898 ad
441 3843 658 3899 confirmandum
676 3848 715 3897 eis
733 3848 761 3898 et
779 3848 822 3897 bis
842 3847 889 3913 (iis
901 3845 937 3912 is)
956 3845 1057 3898 formas
1070 3841 1232 3912 iampridem
1249 3841 1277 3894 in

106 3951 188 3986 unam
208 3949 303 3987 vocem
322 3931 424 3987 coiisse.
461 3935 556 4000 ltaque
574 3931 659 3986 etiam
677 3932 730 3986 hac
748 3932 781 3986 de
799 3949 881 3986 causa
900 3931 955 3986 alia
973 3931 1021 3986 illa
1039 3929 1278 3999 argumentatione

106 4037 175 4089 quae
202 4037 237 4074 ex
262 4019 497 4074 observationibus
516 4021 550 4073 de
568 4018 796 4074 enuntiando
823 4019 956 4073 institutis
982 4020 1108 4073 manaret
1131 4034 1197 4087 opus
1215 4015 1277 4083 fuit,

106 4107 219 4162 minime
245 4106 333 4175 igitur
356 4107 478 4162 alienum
502 4107 558 4161 fuit
582 4107 656 4176 qnod
676 4125 692 4162 e
709 4106 863 4176 scriptionis
888 4105 1101 4176 proprietatibus
1119 4103 1278 4173 collegimus

106 4195 131 4247 in
156 4193 330 4250 enuntiando
358 4195 514 4249 vocularum
539 4195 572 4248 ds
596 4195 695 4262 quibus
720 4193 813 4264 agitur
843 4194 1047 4249 distinctionem
1072 4191 1175 4247 servari
1201 4191 1277 4245 nullo

105 4283 184 4336 modo
203 4281 333 4352 potuisse.
