3238 4994
668 406 876 468 ..13-

180 584 260 650 satis
282 583 446 648 evidenter
468 583 686 665 cognoscitur,
716 585 810 667 quia,
841 605 917 650 num
942 605 993 650 res
1013 606 1166 668 praesens
1188 587 1353 665 afferatur,

178 685 370 768 plerumque
392 683 451 750 nisi
475 703 515 748 ex
534 684 603 766 ipso
620 685 812 765 pronomine
833 691 920 749 certo
943 686 1134 751 concludere
1149 707 1215 752 non
1238 687 1349 768 licet.¹)

264 785 402 848 Restant
423 783 518 865 igitur
540 783 568 848 ei
587 784 658 860 loci,
680 784 734 847 ubi
752 804 931 866 pronomen
953 805 1028 850 cum
1045 785 1178 850 relativo
1196 791 1351 869 sequente

182 884 388 949 coniunctum
411 884 575 947 videmus:
607 888 639 947 et
662 883 702 947 de
723 884 773 948 his
795 884 996 966 potissimum
1021 905 1092 950 cum
1117 887 1222 950 fructu
1245 886 1354 969 aliquo

185 984 341 1067 disputari
363 1003 457 1065 posse
478 983 626 1048 videatur
649 984 699 1056 (cf.
721 984 808 1048 locos
828 1003 927 1066 supra
950 984 1087 1066 allatos).
1121 986 1184 1050 Sed
1207 1007 1247 1051 ne
1270 987 1354 1052 inter

185 1105 239 1150 eos
260 1084 390 1166 quidem
424 1083 537 1148 incerti
566 1085 696 1162 desunt,
727 1084 880 1166 quoniam
905 1087 1054 1167 —quod
1085 1106 1103 1150 e
1131 1107 1229 1169 supra
1264 1087 1356 1151 dictis

184 1189 321 1266 apparet
334 1204 565 1266 —pronomen
587 1203 843 1266 nonnumquam,
863 1204 1065 1268 quamquam
1088 1191 1163 1251 ante
1182 1186 1355 1252 relativum

183 1285 325 1366 positum
349 1289 406 1360 est,
429 1289 540 1350 tamen
563 1284 678 1350 autad
694 1304 761 1348 rem
785 1284 883 1367 paulo
903 1289 979 1350 ante
995 1291 1283 1352 commemoratam
1300 1291 1357 1350 aut

184 1385 228 1450 ad
257 1406 325 1450 rem
348 1389 551 1468 praesentem
572 1385 682 1449 reterri
704 1389 825 1467 potest3
855 1385 972 1468 quibus
993 1386 1070 1451 locis
1091 1392 1200 1452 utrum
1222 1385 1356 1451 tandem

182 1504 362 1568 pronomen
384 1485 590 1551 scribendum
614 1486 654 1550 sit
675 1504 772 1567 saepe
795 1485 930 1549 dubium
953 1490 1071 1551 manet.

267 1603 331 1668 Sed
353 1604 440 1668 enim
462 1604 531 1668 aliis
554 1603 595 1668 de
616 1602 721 1667 causis
743 1603 783 1667 de
804 1603 996 1685 pronomine
1018 1621 1263 1685 nonnumquam
1296 1603 1355 1668 du·

184 1702 281 1768 biteri
296 1724 361 1769 non
376 1707 492 1786 potest,
515 1703 612 1768 veluti
628 1722 701 1767 cum
718 1702 863 1766 diversae
878 1701 1000 1766 formae
1015 1703 1255 1784 pronominales
1272 1703 1356 1768 inter

183 1823 218 1867 se
243 1803 453 1886 respondent:
477 1803 533 1880 ct,
564 1807 601 1868 ut
622 1803 804 1884 exemplum
827 1821 965 1884 ponam,
996 1822 1078 1883 quas
1109 1802 1140 1866 in
1170 1803 1294 1867 Vitruvi
1316 1803 1357 1868 de

186 1903 404 1968 architectura
428 1902 498 1968 libr.
529 1903 700 1980 Vlll3,10
731 1902 793 1982 (ed.
816 1901 980 1967 Rosianae
1010 1922 1040 1984 p.
1067 1901 1202 1982 196,19)
1234 1903 1355 1968 tradita

185 2001 349 2066 videmus:
373 2004 425 2066 »in
447 2003 511 2067 leis
532 2004 606 2068 locta
627 2010 654 2066 et
674 2025 717 2066 eo
739 2009 862 2084 terra«,
884 2001 938 2066 ubi
962 2001 1050 2066 haud
1073 2002 1170 2067 dubie
1192 2022 1265 2068 cum
1288 2003 1355 2067 edi-

185 2101 309 2166 toribus
339 2104 382 2166 ir's
411 2123 450 2167 ex
478 2103 529 2167 tis
558 2102 783 2184 corrigendum
805 2105 863 2166 est.
913 2102 995 2180 Sive,
1018 2122 1091 2166 cum
1114 2123 1293 2186 pronomen
1322 2104 1355 2167 in

186 2200 341 2265 eminenti
360 2206 542 2267 structurae
563 2203 643 2281 loco,
665 2203 754 2267 velut
776 2202 808 2266 in
830 2202 929 2282 initio,
951 2202 1091 2285 positum
1114 2207 1171 2281 est,
1193 2207 1230 2267 ut
1251 2203 1355 2267 mani·

186 2300 267 2365 festo
289 2320 416 2367 summa
437 2302 469 2366 vi
491 2304 534 2368 ad
554 2323 622 2368 rem
644 2303 736 2385 quasi
750 2303 893 2385 aspectui
910 2303 1088 2367 subiectam
1102 2302 1210 2368 referri
1228 2303 1355 2368 debeat.

185 2399 231 2464 Cf.
251 2420 278 2465 e.
294 2421 323 2483 g.
347 2402 411 2467 Cic.
435 2404 482 2467 De
503 2404 626 2486 legibus
648 2404 683 2481 Π,
697 2404 725 2482 7,
742 2405 795 2468 16:
816 2403 889 2468 His
912 2405 994 2467 arim
1016 2403 1108 2467 reduc
1128 2403 1277 2479 imbutus,
1300 2402 1355 2466 ubi

185 2499 212 2564 J.
236 2501 376 2582 Vahlen,
406 2523 605 2586 quamquam
628 2503 698 2568 cod.
721 2505 751 2568 A
774 2505 802 2567 ic
822 2504 848 2568 B
871 2505 921 2582 '‘is,
952 2522 1054 2567 unum
1077 2503 1122 2581 H,
1153 2502 1208 2586 qui
1229 2503 1280 2566 lu's
1302 2522 1354 2566 ex·

185 2597 286 2678 hibet,
308 2602 472 2684 aptissime
495 2604 649 2686 sequitur.

268 2718 341 2784 Huc
369 2720 398 2784 ei
420 2741 549 2804 quoque
578 2721 638 2786 loci
668 2721 846 2804 pertinent,
873 2719 929 2784 ubi
959 2719 999 2782 de
1020 2719 1209 2801 pronomine
1238 2719 1354 2800 agitur,

186 2818 236 2882 cui
260 2839 439 2901 pronomen
467 2821 523 2886 ille
551 2822 735 2904 oppositum
765 2832 830 2884 est:
864 2819 996 2903 quibus,
1025 2823 1061 2883 ut
1089 2838 1188 2900 supra
1217 2818 1355 2883 adnota·
1446 2871 1447 2874 η

185 2919 307 2998 vimus,
339 2921 538 3002 pronominis
565 2922 622 2988 liic,
644 2922 748 2986 forma
778 2921 846 2985 sine
868 2920 967 2985 dubio
988 2918 1200 3002 praeferenda
1221 2923 1285 2997 est,
1316 2920 1355 2983 cl.

185 3019 252 3084 Liv.
275 3019 403 3084 XXVlll
428 3022 523 3099 19‚7:
616 3043 686 3086 eum
708 3020 793 3085 illis
811 3041 910 3106 prope
931 3022 1001 3084 sinc
1021 3021 1074 3084 via
1162 3020 1295 3096 certari,
1317 3019 1356 3082 ab

185 3119 251 3183 his
337 3120 464 3185 sceleris
491 3142 610 3204 poenus
639 3122 826 3202 repetendas
855 3140 936 3200 case,
967 3120 1022 3184 ubi
1050 3119 1102 3183 his
1124 3121 1162 3183 A.
1186 3118 1293 3182 Luchs
1322 3119 1355 3182 in

185 3220 325 3284 editione
348 3221 492 3285 codicem
515 3221 541 3284 P
564 3227 701 3300 secutus,
724 3223 766 3284 iis
789 3221 815 3283 V
836 3220 900 3284 lriis
922 3219 955 3283 F.

268 3337 342 3401 Sine
358 3337 456 3402 dubio
471 3338 567 3402 etiam
580 3337 649 3401 aliis
664 3337 705 3401 de
719 3337 833 3414 causis,
849 3340 957 3400 utrum
974 3355 1152 3418 pronomen
1168 3335 1354 3416 ascriptore

186 3441 375 3518 usurpatum
401 3438 457 3516 sit,
480 3457 727 3520 nonnumquam
749 3437 861 3519 dispici
882 3437 1018 3519 poterit,
1041 3455 1123 3518 quas
1143 3440 1253 3500 tamen
1276 3454 1355 3499 enu-

185 3555 313 3601 merare
334 3537 537 3620 supersedeo.

270 3653 339 3718 Hoc
362 3658 448 3718 certe
471 3654 586 3718 iterum
608 3654 780 3718 dicendum
797 3657 862 3717 est:
885 3653 940 3717 ubi
955 3671 1135 3735 pronomen
1150 3650 1237 3716 nullo
1257 3652 1354 3716 modo

186 3755 229 3818 ad
252 3754 349 3818 aliam
379 3775 446 3818 rem
477 3755 536 3818 nisi
566 3755 607 3818 ad
636 3753 806 3818 relativum
835 3753 923 3834 quod
952 3753 1095 3834 sequitur
1125 3753 1241 3816 reterre
1271 3751 1354 3828 licet,

187 3857 314 3917 constat
346 3853 427 3918 inter
457 3873 570 3918 omnes
598 3857 710 3936 estque
741 3854 772 3917 in
801 3873 953 3917 concesso
982 3854 1011 3915 ei
1033 3857 1063 3916 et
1085 3854 1129 3915 cir
1150 3852 1354 3916 scribendum

186 3973 264 4030 esse,
287 3972 351 4016 non
371 3953 405 4016 hi
423 3956 456 4018 et
476 3953 544 4028 lu's;
567 3953 660 4037 eique
682 3953 742 4018 loci
757 3953 886 4035 saepius
907 3972 1006 4035 quam
1025 3952 1122 4016 ceteri
1139 3952 1354 4016 inveniuntur.

185 4052 299 4134 ltaque
321 4053 403 4117 tales
424 4054 624 4135 potissimum
648 4054 707 4117 loci
729 4054 831 4130 nobis,
855 4054 909 4136 qui
933 4053 964 4116 in
984 4054 1211 4135 pronominum
1235 4052 1355 4115 termas

260 4251 284 4318 l)
306 4250 346 4305 Ol.
366 4250 492 4320 exempla
510 4250 644 4319 quaedam
665 4249 700 4303 ab
718 4248 827 4303 Osanno
843 4248 930 4302 allata
950 4247 978 4300 in
998 4264 1117 4301 excursu.
