3238 4994
611 430 816 494 ..17-

123 609 374 692 significationis.
404 630 480 672 nom
500 608 541 670 di
558 610 651 671 etiam
669 609 860 689 praepositio
877 615 922 672 est
937 615 964 672 et
978 607 1000 672 d
1006 609 1041 672 is
1060 616 1087 672 et
1099 610 1295 694 praepositio

124 717 171 776 est
188 718 216 774 et
237 712 250 774 i
275 718 303 774 et
320 712 356 773 is
372 709 474 772 uerbo.
510 711 543 772 in
561 710 708 788 pluribus
731 716 835 772 auara
851 709 970 772 invenis
985 707 1182 790 differentiae
1197 731 1294 774 caasa

123 813 256 875 buinsce
277 810 363 874 modi
378 809 534 890 quosdam
550 811 622 888 lieri
640 809 839 892 syllabarum
856 811 902 873 oet
920 809 1100 872 litterarum
1119 809 1296 875 additiones

125 912 173 976 ool
196 913 409 996 ademptiones
438 909 486 973 ael
509 916 692 974 accentuum
722 910 923 988 mutationes;
952 911 1059 990 itoone
1087 911 1123 973 in
1144 914 1294 995 composi-

128 1015 210 1076 tione
230 1013 335 1074 idern
357 1017 383 1073 et
404 1011 532 1074 isdern
553 1031 611 1089 per
632 1031 730 1073 unone
759 1011 771 1072 i
801 1010 985 1093 scripsisse,
1015 1012 1090 1096 quia
1111 1012 1202 1074 nulla
1223 1031 1295 1076 aon·

124 1112 213 1193 fusio
232 1111 268 1194 fit
287 1110 540 1192 sipnificotionis,
562 1103 769 1174 inveniantur
788 1130 850 1188 pro
871 1110 997 1173 eidem
1019 1117 1046 1173 et
1067 1111 1103 1174 ei
1111 1111 1156 1173 sd
1164 1111 1255 1190 enul)

211 1230 257 1292 Ex
279 1228 339 1291 boc
363 1227 447 1302 ioco,
478 1226 532 1307 qui
566 1227 735 1290 manifesto
763 1226 896 1307 argutiis
917 1226 1081 1303 abundat,
1105 1231 1215 1291 tamen
1238 1247 1296 1309 pro

126 1334 216 1393 certo
232 1329 422 1393 concludere
445 1327 517 1389 licet
539 1326 570 1389 in
588 1326 647 1389 illis
667 1327 799 1390 vocibus
813 1345 1012 1408 quamquam
1030 1325 1148 1407 duplex
1163 1329 1175 1389 i
1191 1327 1296 1392 littera

126 1430 318 1511 plerumque
340 1425 558 1502 scribebatur,
590 1445 689 1489 unam
719 1430 845 1489 tantum
862 1425 1036 1488 enuntiari
1067 1445 1135 1490 esse
1157 1428 1295 1505 solitam,

126 1530 217 1612 quod
239 1527 319 1590 infra
343 1525 452 1589 multis
473 1525 549 1588 locis
574 1525 696 1588 collatis
719 1524 990 1589 confirmabimus,

212 1643 302 1722 Quae
326 1664 399 1708 cum
421 1644 466 1707 ita
488 1644 567 1719 sint,
597 1643 720 1707 formae
748 1643 782 1705 bi
811 1646 843 1706 et
865 1642 916 1706 bis
938 1662 958 1706 a
981 1643 1209 1725 monosyllabis
1230 1646 1243 1706 i
1262 1646 1296 1721 ii,

130 1748 157 1809 is
179 1747 221 1808 iis
242 1745 306 1808 iam
330 1744 418 1808 nulla
441 1763 474 1807 re
494 1743 554 1807 nisi
571 1744 675 1807 littera
693 1742 713 1806 b
729 1741 936 1819 differebant;
960 1762 1058 1824 quam
1084 1743 1296 1809 differentiam

129 1847 289 1910 tantulum
311 1845 464 1920 valuisse,
487 1848 522 1907 ut
543 1843 768 1924 progrediente
790 1847 935 1924 tempore
957 1843 999 1906 ab
1021 1841 1207 1907 hominibus
1229 1843 1298 1907 ani·

128 1945 287 2009 madverti
311 1944 478 2020 desineret,
502 1963 568 2007 non
592 1943 719 2006 difficile
741 1943 849 2006 estad
873 1943 1172 2007 demonstrandum.

216 2063 436 2126 Recordemur
459 2055 543 2125 eriirn
561 2060 695 2125 Latinae
713 2061 842 2140 linguae
864 2060 1010 2124 homines
1032 2061 1089 2124 tali
1104 2060 1299 2143 aspiratione

129 2183 205 2226 usos
228 2183 294 2226 esse
316 2162 425 2236 videri,
449 2160 552 2242 qualis
573 2159 666 2240 longe
691 2179 710 2223 a
733 2164 842 2223 nostra
865 2160 979 2224 differt.
1024 2161 1118 2238 Quod
1142 2162 1299 2242 imprimis

129 2259 438 2341 Seelrrrannus2)
461 2264 527 2324 tam
549 2265 700 2324 accurate
720 2260 836 2336 docuit,
859 2263 894 2324 ut
912 2280 1093 2341 repugnare
1112 2261 1165 2325 vix
1187 2263 1298 2344 possis

129 2364 213 2427 Nam
247 2361 288 2425 illi
319 2381 382 2424 nou
414 2380 522 2423 veram
556 2364 587 2424 et
618 2360 750 2424 densam
775 2360 861 2424 illam
885 2360 1024 2424 litteram
1046 2360 1080 2438 b,
1103 2381 1202 2443 quarn
1231 2382 1298 2440 nos,

131 2469 206 2527 ante
230 2461 372 2525 vocalem
393 2481 450 2542 per
465 2481 499 2523 se
520 2460 701 2523 distinctam
720 2461 887 2524 enuntiare
909 2460 1064 2538 solebant,
1082 2461 1137 2524 sed
1155 2462 1298 2526 vocalem

129 2563 358 2628 tantummodo
388 2563 566 2642 proximam
598 2561 796 2642 aspirabant.
827 2562 845 2623 i.
869 2581 905 2624 e.·
919 2561 1147 2643 aspirationem
1178 2562 1300 2626 simul
1406 2597 1409 2604 ·

24 2685 25 2688 ¹
130 2683 219 2726 cum
245 2662 360 2734 vocali,
387 2682 450 2724 uon
476 2665 575 2725 ante
604 2661 746 2725 vocalem
770 2661 955 2725 efferebant.
1009 2661 1084 2724 Eius
1107 2661 1192 2725 modi
1215 2662 1300 2743 aspi-

131 2763 256 2826 ratione
285 2780 325 2824 ne
356 2782 413 2824 eae
446 2763 575 2843 quidem
606 2761 733 2824 vocales
766 2779 849 2841 quae
882 2761 913 2823 in
945 2761 1031 2823 vocis
1063 2760 1153 2824 initio
1183 2760 1300 2825 omissa

130 2855 237 2927 littera
259 2861 279 2923 b
302 2862 524 2925 scribebantur
555 2862 586 2924 in
620 2859 881 2941 pronuntiatione
904 2860 1067 2923 carebant.
1112 2859 1224 2942 Neque
1246 2880 1300 2924 ea·

131 2983 202 3026 rum
227 2962 379 3043 aspiratio
403 2961 444 3024 ab
467 2961 537 3042 ipsa
561 2961 665 3024 littera
688 2959 708 3022 b
731 2959 873 3023 distabat
892 2959 952 3022 nisi
975 2979 1013 3023 ea
1037 2978 1071 3022 re
1095 2962 1131 3023 ut
1152 2958 1257 3023 littera
1280 2959 1300 3022 b

133 3062 253 3125 maiore
282 3061 313 3123 vi
339 3061 404 3124 sive
430 3081 561 3142 »aspero
584 3060 735 3142 spiritu«,
765 3060 883 3137 altera,
913 3059 944 3123 in
974 3059 1143 3124 scribendo
1172 3078 1302 3141 prorsus

134 3162 295 3242 neglecta,
326 3161 449 3224 minore
480 3161 511 3223 vi
533 3161 599 3224 sive
625 3161 755 3241 »spiritu
778 3161 859 3224 leni«
885 3161 1157 3242 pronuntiaretur.
1208 3160 1302 3237 Quod

133 3262 302 3326 discrimen
337 3260 498 3324 tantulum
531 3264 615 3339 crat,
653 3264 688 3324 ut
714 3261 846 3324 auribus
878 3280 962 3341 quae
995 3259 1094 3323 nimia
1126 3259 1302 3324 subtilitate

202 3485 227 3546 1)
249 3484 287 3537 uf.
313 3483 347 3538 de
372 3484 423 3537 boc
444 3483 502 3537 laco
523 3483 690 3550 Brambaeb,
715 3483 940 3552 Neugestaltung
964 3482 1012 3537 der
1030 3483 1079 3537 iat.
1100 3480 1178 3535 Orth.
1195 3499 1222 3551 p.
1244 3481 1302 3549 140,

131 3571 362 3640 Neue-Wagcner
381 3569 404 3623 ΙΙ
423 3589 450 3640 p.
470 3569 530 3623 381.

201 3657 228 3723 2)
248 3656 297 3712 Die
315 3655 484 3726 Aussprache
503 3656 549 3710 des
566 3655 663 3710 Latein
683 3657 754 3710 nach
773 3655 1172 3726 physiologischhistorischen
1195 3653 1301 3707 Grund-

131 3748 223 3798 mezen
252 3760 306 3796 van
336 3743 367 3796 Ε.
385 3742 548 3810 Seelmann,
577 3743 726 3796 Heilbronn
753 3743 835 3809 1885,
862 3762 888 3813 p.
914 3744 966 3796 254
975 3761 1033 3812 sqq.
1082 3743 1227 3796 Praeterea
1251 3740 1315 3805 oi:v

132 3829 175 3882 W.
195 3829 320 3896 Gorssen,
346 3817 420 3882 iiber
446 3829 630 3896 riu-spraehe,
660 3829 828 3884 Vocatismus
855 3829 911 3882 und
929 3830 1075 3899 Betonung
1100 3828 1148 3884 der
1172 3828 1222 3882 lat.
1241 3827 1301 3896 Spr.

132 3920 155 3970 2.
175 3915 254 3983 Aufl,
275 3914 384 3985 Leipzig
404 3914 582 3978 1868-1870,
603 3916 654 3969 vol.
675 3917 686 3968 I
705 3935 731 3986 p.
754 3917 802 3970 103
812 3935 884 3985 sqq.;
911 3915 956 3968 W.
978 3914 1139 3974 Brambach,
1159 3913 1210 3968 Die
1230 3913 1302 3967 Neu·

131 4003 291 4071 gestaltung
308 4001 356 4056 der
374 4002 423 4054 lat.
444 3999 658 4071 Ortbographie,
683 4022 709 4072 p.
729 4003 779 4056 283
791 4021 863 4070 sqq.;
883 4001 916 4056 G.
935 4001 1052 4070 Curtios,
1072 3999 1237 4068 Gruudzdge
1255 3999 1303 4053 der

131 4088 319 4156 griechischen
337 4087 515 4156 Etymologie.
536 4087 578 4141 ed.
596 4087 637 4152 V..
657 4089 745 4159 Leipz.
763 4090 837 4150 1819,
856 4108 883 4159 p.
894 4089 960 4151 684;
979 4087 1011 4141 R.
1026 4088 1161 4149 Kuebner‚
1181 4085 1303 4140 Gramm.

135 4175 142 4226 1
162 4176 178 4241 g
195 4175 265 4239 37‚3
282 4175 319 4244 (p.
340 4173 398 4240 37);
425 4173 466 4225 ur.
486 4175 567 4234 Statu,
588 4174 685 4229 Hister.
707 4176 828 4230 Granum.
847 4176 895 4230 der
912 4174 1006 4229 latein.
1026 4173 1145 4244 Sprache
1164 4173 1219 4236 1.1,
1240 4173 1302 4242 Lpz.

133 4262 208 4317 1894.
228 4281 255 4332 p.
275 4264 335 4320 292.
560 4259 562 4262 ’
