3238 4994
250 1377 294 1494 In
325 1421 413 1485 libris
441 1420 687 1502 manuscriptis,
717 1419 834 1502 quibus
862 1418 1032 1500 scriptores
1062 1417 1167 1482 Latini
1197 1417 1321 1499 antiqui

154 1519 246 1583 nobis
267 1521 374 1585 traditi
397 1526 488 1598 sunt,
514 1513 716 1603 'pronominis
743 1521 772 1582 is
796 1521 918 1583 formae
939 1517 1071 1600 pluralis
1094 1517 1218 1580 numeri
1241 1535 1322 1579 non·

153 1618 261 1684 nullae
279 1621 439 1684 diversum
463 1621 494 1684 in
513 1621 644 1684 modum
662 1620 801 1701 scriptae
817 1623 900 1682 sunt.
934 1618 1067 1682 Constat
1087 1617 1171 1680 enim
1192 1617 1270 1680 etei
1291 1619 1323 1678 et

154 1720 179 1782 ii
200 1723 232 1782 et
255 1754 288 1762 -
312 1720 461 1801 quamvis
484 1720 515 1783 id
538 1720 642 1784 rarius
663 1755 704 1764 —
724 1720 737 1781 i
758 1719 934 1799 scripturas
955 1716 996 1780 ad
1021 1715 1266 1790 nominativum,
1291 1719 1323 1777 el

153 1821 199 1882 eis
222 1823 254 1882 et
275 1820 317 1882 iis
340 1825 371 1883 et
393 1822 421 1882 is
443 1820 484 1883 ad
509 1820 655 1884 dativum
684 1819 750 1882 sive
780 1818 958 1894 ablativum
981 1814 1226 1898 significandum
1255 1814 1323 1877 sine

153 1917 220 1982 ulla
235 1917 446 1996 distinctione,
468 1925 504 1983 ut
518 1919 654 1996 videtur,
676 1917 838 1983 adhibitas
854 1937 930 1980 esse.
964 1917 1026 1980 Eos
1041 1935 1119 1978 vero
1135 1914 1189 1996 qui
1207 1912 1323 1977 nostris

153 2018 352 2098 temporibus
366 2019 536 2101 scriptores
551 2019 683 2083 Latinos
703 2018 872 2083 ediderunt
888 2020 919 2080 et
934 2016 1019 2097 ipsos
1033 2015 1146 2080 eadem
1168 2013 1322 2078 varietate
1435 2040 1439 2049 ·

152 2137 228 2182 usos
249 2137 354 2200 neque
380 2124 500 2184 certam
524 2119 683 2184 scribendi
706 2119 808 2198 legem
831 2120 957 2181 secutos
979 2135 1047 2179 esse
1069 2119 1321 2178 consentaneum

153 2222 210 2280 est.
264 2217 444 2299 Praecepta
481 2219 566 2282 enim
603 2238 623 2282 a
659 2217 852 2300 quibusdam
889 2215 965 2278 viris
1000 2213 1102 2278 doctis
1137 2213 1177 2276 de
1213 2231 1252 2276 ea
1288 2231 1322 2275 re

154 2315 231 2381 data
254 2336 318 2380 non
340 2317 382 2381 ab
402 2317 553 2381 omnibus
573 2318 761 2399 probantur.
805 2314 1072 2379 Ritschelius
1092 2311 1187 2389 enim,
1210 2317 1246 2374 ut
1268 2330 1322 2374 ex·

154 2414 294 2496 emplum
312 2435 442 2497 ponam,
459 2417 533 2480 crim
549 2415 809 2480 Fleckeiseni
827 2413 955 2480 Brixii
972 2412 1162 2476 Lorenzii
1180 2431 1321 2489 assensu,

154 2513 187 2577 in
216 2514 318 2596 prisca
346 2515 507 2580 latinitate
535 2517 561 2579 ii
588 2521 620 2580 et
648 2517 690 2579 iis
720 2516 839 2580 formas
867 2533 998 2596 prorsus
1020 2513 1202 2594 repudiavit
1224 2515 1322 2593 atque

154 2613 350 2696 ubicumque
373 2616 511 2680 traditae
533 2621 607 2681 sunt
630 2617 661 2680 in
685 2618 713 2679 ei
735 2618 765 2694 i,
789 2618 832 2679 eis
853 2618 881 2679 is
903 2615 1076 2679 mutandas
1099 2633 1167 2678 esse
1189 2613 1320 2678 censuit.

154 2713 258 2791 Quod,
278 2720 314 2778 ut
332 2715 418 2780 hunc
439 2717 582 2794 afferam,
602 2716 636 2781 C.
656 2715 893 2798 Wagoner¹l
916 2715 1079 2797 improbat
1095 2713 1213 2795 aliique
1237 2712 1324 2776 velut

154 2812 479 2894 Lacbnrannus²)
499 2817 714 2896 neglexerunt.
750 2816 860 2897 Neque
877 2815 964 2897 quod
983 2811 1321 2891 Brambachius³)

153 2912 259 2994 primo
289 2914 354 2978 lere
374 2935 405 2996 p.
429 2915 503 2980 Chr.
527 2916 656 2980 saeculo
687 2916 712 2978 ii
732 2919 764 2980 et
785 2917 827 2978 lis
848 2915 968 2978 lormas
989 2913 1202 2995 praedilectas
1226 2911 1321 2975 luisse

153 3012 254 3076 edixit
276 3014 318 3077 ab
341 3014 409 3078 eius
430 3016 585 3098 temporis
607 3016 761 3080 librorum
785 3014 961 3079 editoribus
984 3012 1098 3094 respici
1122 3012 1210 3076 solet.

237 3113 392 3178 Carcinus
414 3114 510 3196 igitur
530 3115 563 3179 in
585 3117 647 3180 hac
672 3136 706 3181 re
725 3119 813 3180 certa
832 3114 992 3179 scribendi
1014 3114 1148 3177 ratione.
1182 3111 1245 3175 Sed
1261 3110 1323 3174 hoc

154 3212 204 3275 vel
226 3232 264 3277 ea
287 3232 321 3277 re
343 3219 515 3279 excusatur
530 3217 617 3298 quod
639 3236 680 3280 ne
703 3217 735 3280 in
759 3215 900 3298 antiquis
914 3214 1044 3298 quidem
1063 3210 1324 3292 inscriptionibus

155 3311 228 3375 illae
261 3312 383 3377 lormae
414 3315 492 3379 satis
522 3316 809 3398 distinguebantur.
870 3316 998 3396 ltaque,
1030 3311 1219 3395 praesertim
1250 3329 1323 3373 cum

156 3429 268 3475 omnes
289 3431 371 3494 quas
389 3413 454 3478 dixi
471 3416 593 3479 formae
608 3416 752 3480 eiusdem
772 3415 912 3479 notionis
930 3414 1003 3491 sint,
1026 3410 1206 3493 scriptionis
1221 3409 1324 3473 varie·

156 3513 256 3573 tatem
279 3531 344 3576 non
368 3533 464 3594 aegre
485 3515 624 3580 terimus

238 3609 367 3676 Maioris
396 3618 505 3678 autem
536 3617 691 3679 momenti
721 3619 786 3691 est,
824 3614 911 3697 quod
941 3612 1039 3676 etiam
1067 3629 1247 3692 pronomen
1274 3608 1325 3671 liic

155 3708 360 3792 aliquatenus
381 3731 455 3777 cum
476 3714 504 3778 ie
525 3716 716 3797 pronomine
738 3714 904 3777 contusum
928 3717 984 3776 est.
1028 3710 1110 3776 Nam
1133 3728 1199 3773 non
1221 3707 1324 3772 solum

229 3893 252 3962 ll
272 3893 313 3949 cf.
335 3894 378 3949 Fr.
398 3897 480 3964 Neue,
498 3895 693 3952 Formenlehre
711 3895 737 3950 d.
758 3896 937 3952 lateinischen
955 3892 1082 3965 Sprache.
1118 3893 1143 3946 3.
1162 3890 1232 3945 Aufl.
1252 3907 1278 3943 v.
1297 3888 1324 3943 O.

157 3981 305 4050 Wagener.
342 3981 366 4034 2.
385 3981 435 4036 Bd.
471 3983 542 4039 Berl.
563 3983 637 4037 1892.
674 4001 700 4053 p.
720 3984 778 4038 383.

226 4065 253 4137 2)
272 4067 313 4121 Cf.
334 4085 425 4124 versus
443 4069 585 4126 Plautinos
602 4072 632 4125 in
653 4071 774 4127 Lucretii
791 4070 919 4127 editionis
939 4068 1104 4126 clarissimae
1123 4085 1149 4136 p.
1163 4065 1214 4121 262
1230 4063 1324 4119 adnot.

157 4153 194 4207 ed
212 4154 238 4206 ll
257 4173 282 4208 v.
301 4155 354 4210 934
372 4155 408 4210 ab
426 4173 458 4210 eo
476 4157 582 4211 allatos.

127 4235 131 4242 “
173 4240 253 4382 868tt)
273 4242 317 4296 W.
336 4242 506 4308 Brembeeb‚
531 4243 582 4299 Die
600 4245 821 4314 Neugeetaltung
839 4244 887 4299 der
906 4244 1001 4299 latein.
1020 4240 1224 4312 Ortbographie
1244 4240 1325 4309 (Lim-

157 4330 171 4381 l
227 4329 237 4396 )
254 4345 282 4397 p.
297 4329 357 4383 323.
