3238 4994
623 432 822 497 ,99-

142 612 166 672 is
187 615 217 673 et
238 612 291 688 iis,
321 611 464 676 vitantur
493 616 591 694 atque
620 613 674 677 ubi
705 613 786 676 forte
815 612 1015 694 neglegentia
1046 613 1306 690 intercurrerunt,

139 711 246 775 sedulo
268 713 499 790 emendantur;
524 733 778 796 quamquam-
801 715 889 795 quod
912 714 942 777 in
965 715 1045 778 tanti
1069 716 1211 779 ambitus
1232 736 1308 798 ope-

139 812 223 876 ribus
252 832 317 876 non
349 814 466 878 mirum
490 849 525 858 -
556 815 587 877 in
618 815 881 896 interpretatione
913 815 1164 896 Hieronymiana
1196 836 1307 894 unum,

138 913 167 975 in
196 931 332 994 corpore
359 915 555 979 Iustinianeo
585 915 756 978 nonnullos
785 915 941 979 eiusmodi
971 915 1056 979 locos
1083 918 1308 981 emendatione
1358 925 1361 932 '

138 1033 245 1077 carere
269 1015 422 1078 videmus.
461 1015 565 1093 Quam
590 1020 709 1080 certam
734 1017 892 1099 scribendi
916 1017 1073 1080 rationem
1088 1053 1124 1062 -·
1140 1018 1308 1082 manifesto

137 1115 217 1177 enim
248 1115 300 1177 liis
330 1120 361 1178 et
391 1117 433 1179 eis
461 1116 690 1198 aliquomodo
713 1117 952 1198 distinguuntur
979 1153 1012 1161 —
1039 1118 1070 1182 in
1095 1119 1162 1182 eius
1184 1120 1309 1200 generis

138 1215 222 1278 libris
244 1216 450 1282 observatam
475 1237 543 1281 esse
565 1237 629 1281 non
645 1218 811 1292 miramur,
835 1219 938 1299 quiex
955 1218 1056 1282 multo
1073 1220 1309 1301 antiquioribus

138 1336 232 1380 manu
256 1318 520 1383 exercitatissime
542 1337 734 1400 summaque
756 1319 921 1400 diligentia
944 1319 1093 1402 descripti
1114 1324 1198 1384 sunt.
1252 1321 1308 1384 Vix

137 1418 217 1480 enim
252 1419 320 1481 fieri
350 1419 472 1500 potuit,
501 1421 578 1501 quin
608 1419 703 1482 etiam
729 1420 881 1483 minimae
903 1421 935 1482 in
959 1420 996 1483 iis
1019 1421 1208 1500 asperitates
1229 1422 1309 1503 poli·

136 1525 251 1584 rentur.
299 1520 382 1582 Num
413 1524 521 1583 autern
552 1520 616 1583 iarn
646 1521 677 1582 in
709 1520 779 1583 aliis
808 1521 962 1584 eiusmodi
995 1521 1097 1598 tibris,
1131 1542 1211 1603 quos
1233 1529 1308 1587 ante

138 1621 231 1684 libros
261 1640 361 1701 supra
391 1620 552 1684 adhibitos
582 1621 757 1702 descriptos
786 1629 890 1702 neque
917 1621 988 1702 pari
1018 1641 1094 1686 cura
1121 1623 1309 1688 emendatos

137 1741 200 1783 esse
216 1725 354 1798 constat,
371 1721 455 1784 idern
472 1721 590 1784 factum
606 1723 656 1796 sit,
671 1741 756 1784 nunc
775 1722 976 1804 quaerimus:
995 1723 1129 1788 tortasse
1145 1723 1228 1786 enim
1247 1725 1309 1787 hac

137 1823 325 1902 quaestione
353 1822 476 1898 soluta,
507 1842 571 1902 quo
603 1821 666 1885 tere
697 1827 841 1904 temporo
870 1824 921 1886 illa
944 1825 1214 1905 pronominalium
1238 1846 1310 1906 per·

140 1922 278 1986 turbatio
301 1923 429 1986 sublata
450 1923 500 2000 sit,
525 1923 625 1986 conici
650 1923 763 1986 licebit.

216 2024 241 2086 Ε
264 2023 385 2086 talibus
407 2023 550 2086 libris-
572 2023 684 2104 quales
707 2044 771 2088 non
793 2025 888 2107 pauci
911 2028 1037 2089 exstant
1057 2061 1092 2068 --
1112 2025 1170 2089 bos
1193 2027 1309 2090 affero:

137 2123 265 2186 Elibris
281 2124 510 2188 iuridicialibus
533 2124 717 2188 codicem
739 2125 1078 2189 'theodosianum
1104 2127 1193 2190 cuius
1209 2127 1309 2191 altera

136 2243 217 2304 pars,
241 2225 314 2288 libri
331 2223 490 2288 lX-XVI
514 2223 655 2305 (praeter
671 2225 772 2288 ultimi
797 2224 867 2288 libri
887 2226 1008 2308 aliquot
1032 2227 1185 2308 capitula)
1201 2228 1311 2291 codice

136 2326 316 2402 Tiliano,
340 2345 363 2388 s.
389 2325 430 2388 Vl
453 2325 691 2389 accuratissime
714 2327 849 2408 scripto,
872 2326 992 2409 optime
1015 2327 1163 2392 traditur.
1214 2328 1312 2392 Cuius

138 2427 348 2490 membranae
380 2427 621 2490 accuratissima
651 2426 778 2490 collatio
809 2427 913 2501 deest;
944 2428 1100 2491 utendum
1131 2433 1176 2492 est
1207 2429 1313 2493 novis·

136 2528 215 2591 sima
251 2527 391 2590 editione
422 2547 441 2590 a
475 2526 617 2591 Gustavo
647 2527 768 2591 Haenel
803 2528 948 2607 (Bonnae
982 2529 1074 2608 1848)
1104 2529 1312 2593 adnotatione

138 2628 247 2692 critica
272 2628 438 2692 instructa.

217 2728 319 2792 Multo
359 2729 462 2792 maior
500 2747 664 2792 sacrorum
704 2728 857 2792 librorum
895 2728 1116 2792 vetustissimis
1148 2729 1312 2793 codicibus

137 2829 328 2893 traditorum
352 2848 521 2903 numerus3
553 2850 570 2891 e
593 2830 710 2910 quibus
732 2829 791 2892 hos
813 2830 927 2892 affero:

217 2929 261 3008 A)
301 2929 465 2993 Veteris
497 2930 743 2994 testamenti
777 2931 938 2993 versiones
971 2933 1046 2993 ante
1079 2928 1310 3009 Hieronymum

138 3029 250 3094 Latine
274 3031 462 3094 translatas:

226 3137 248 3194 l.
284 3131 362 3194 Par
381 3131 753 3212 palimpsestorum
777 3129 1209 3210 Wirceburgensium,
1239 3149 1262 3191 s
1287 3128 1312 3190 V

139 3231 303 3314 scriptum,
327 3232 368 3295 ab
388 3233 521 3296 Ernesto
544 3230 669 3309 Ranlre,
695 3231 903 3295 Vindobonae
931 3232 1017 3308 1871,
1040 3231 1171 3293 editum.

219 3334 249 3396 8.
281 3333 473 3396 Codicern
496 3333 829 3413 Lugdunensem,
852 3353 876 3396 s.
896 3333 934 3396 Vl
958 3332 1121 3414 scriptum,
1145 3330 1187 3394 ab
1200 3330 1313 3412 Ulysse

140 3433 261 3497 Robert
286 3433 417 3509 editum,
441 3433 542 3498 Paris.
569 3432 684 3513 1881.¹)

222 3536 250 3598 3.
284 3533 565 3598 Pentateuchi
596 3533 867 3616 palimpsesti
899 3533 1139 3613 fragmenta
1175 3531 1312 3594 Mona-

140 3637 301 3712 censia,
324 3653 389 3698 non
412 3639 484 3716 post
504 3656 527 3699 s.
542 3635 581 3699 Vl
603 3635 731 3715 scripta,
756 3633 1037 3713 aLeoneZiegler,
1061 3632 1208 3728 quacb.
1224 3633 1312 3708 1883,

140 3736 222 3800 edita
259 3735 511 3815 (assruchstiicke
542 3736 630 3799 einer
660 3734 1060 3816 Vorhieronymianischen
1091 3732 1312 3812 Ubersetzung

142 3836 196 3900 des
239 3835 440 3900 Pentatench
484 3856 543 3899 aus
580 3837 683 3898 einem
720 3835 931 3917 Palimpseste
968 3833 1024 3896 der
1060 3832 1240 3897 bibliotbek
1275 3852 1313 3896 zu

142 3936 344 4015 Mrinchencl.

171 4049 192 4052 —
210 4049 234 4149 1)
256 4083 341 4136 Huius
366 4081 465 4137 codicis
489 4087 580 4152 partes
605 4085 766 4146 nonnullae,
794 4101 865 4151 quae
889 4086 954 4135 sunt
978 4081 1114 4135 Leviticae
1139 4083 1167 4134 et.
1192 4078 1314 4146 Numeri,

144 4175 224 4226 antea
241 4173 384 4241 separatae
403 4173 431 4224 et
449 4170 560 4223 nomine
574 4170 674 4224 codicis
691 4169 966 4224 Ashbnrnbamiensis
984 4171 1147 4239 appellatae,
1166 4168 1222 4222 iam
1241 4181 1314 4220 anno

148 4258 210 4313 1868
229 4257 346 4313 Loudini
368 4256 458 4312 editae
476 4261 547 4312 sunt.
