3238 4994
760 451 964 514 ..gq-

277 627 446 692 relativum
465 627 510 692 ila
526 627 650 708 legitur,
671 633 707 692 ut
724 649 789 693 non
809 629 911 694 solum
933 650 1025 694 usum
1043 649 1257 706 communem,
1276 630 1331 693 sed
1348 630 1444 693 eliam

279 725 346 791 eius
367 745 479 803 usum,
502 725 558 806 qui
578 726 724 791 tabulam
747 730 913 811 concepit,
936 729 1033 792 violet
1055 735 1087 792 et
1108 729 1270 809 infringat.
1324 726 1446 791 Ceteris

277 823 363 887 enim
386 823 472 901 locis,
499 823 517 886 i.
531 843 557 886 e.
587 825 715 906 saepius
743 846 841 908 quam
869 827 1099 909 quinquagies,
1130 828 1158 889 ts
1180 831 1255 890 ante
1276 825 1446 889 relativum

277 924 460 1002 usurpatur.
503 921 573 984 Iam
591 940 669 985 vero
689 923 749 986 hos
771 925 857 988 locos
880 929 945 989 tres
967 925 1116 1007 inspicias
1139 924 1248 988 velim:

278 1035 344 1100 Col.
370 1036 396 1114 1,
410 1037 446 1100 3:
469 1055 507 1102 ete
528 1035 592 1099 tis
611 1057 747 1117 quorum
770 1040 896 1102 nornine
915 1039 1074 1121 professio
1095 1038 1183 1120 facto
1206 1038 1274 1102 erit.

277 1133 344 1197 Col.
367 1133 463 1209 ale:
492 1131 582 1218 Itque
609 1135 750 1199 custodes
778 1136 817 1198 ab
847 1156 880 1200 eo
911 1139 967 1217 qut
992 1138 1118 1200 comitia
1140 1136 1280 1214 habebit,
1312 1137 1386 1198 item
1408 1133 1447 1196 ab

339 1229 402 1294 tts
420 1231 519 1311 positi
541 1233 595 1316 qut
614 1231 763 1296 honorem
782 1240 894 1316 petent.

277 1327 344 1391 Col.
367 1328 467 1405 215:
496 1329 536 1392 R.
569 1330 654 1410 Quid
684 1330 723 1394 de
749 1331 814 1395 his
841 1331 913 1414 fieri
946 1339 1101 1417 oporteat,
1131 1334 1185 1418 qui
1216 1330 1447 1410 suffragiorum

339 1448 470 1492 numero
491 1448 588 1508 pares
611 1435 714 1492 eruut.

365 1550 489 1629 Quibus
512 1551 589 1615 locis
608 1551 696 1634 quod
719 1551 770 1615 ille
791 1552 861 1632 pari
884 1552 980 1614 modo
1002 1551 1052 1615 tts
1074 1553 1215 1632 scripsit,
1249 1570 1314 1614 non
1337 1549 1448 1613 incon·

278 1648 361 1712 sulto
383 1649 502 1712 factum
526 1650 660 1714 videtur.
697 1650 796 1731 ldque
818 1671 855 1714 eo
876 1651 997 1715 facilius
1018 1650 1219 1731 intellegitur,
1239 1648 1392 1732 quoniam
1415 1647 1447 1709 in

280 1748 391 1812 tabula
415 1748 508 1829 longe
534 1747 681 1811 usitatior
702 1748 805 1811 forma
829 1749 858 1810 is
879 1753 943 1821 est,
967 1749 1129 1830 quamtis
1152 1749 1284 1811 auleis
1327 1744 1449 1809 Nume-

281 1846 350 1910 ravi
372 1847 456 1910 enim
483 1846 520 1909 lt
542 1847 580 1923 ts,
602 1845 621 1908 D
641 1847 691 1922 tie,
716 1847 729 1908 l
760 1847 812 1908 ets.

366 1960 516 2025 Eiusdem
539 1961 733 2024 contusionis
755 1960 901 2042 exempla
925 1961 956 2023 in
979 1959 1110 2024 alterius
1132 1980 1161 2040 p.
1184 1959 1257 2024 Chr.
1281 1957 1399 2022 saeculi
1416 1959 1450 2019 et

280 2058 482 2141 sequentium
500 2059 760 2140 inscriptionibus
783 2060 997 2123 erebrescunt.
1032 2057 1175 2134 Quorum
1192 2062 1250 2135 tot,
1273 2060 1352 2137 quot
1368 2055 1449 2138 forte

280 2155 358 2219 mihi
380 2157 411 2218 in
435 2177 551 2221 manus
566 2158 755 2233 inciderunt,
779 2159 922 2221 afferam.
957 2157 1051 2234 Quod
1067 2176 1132 2220 non
1148 2157 1259 2220 inutile
1276 2175 1344 2218 esse
1358 2157 1448 2234 puto,

280 2256 432 2338 quoniam
456 2257 568 2321 talium
590 2257 732 2322 locorum
757 2258 942 2321 collectione
964 2276 1119 2320 caremus
1152 2257 1245 2320 Dolet
1266 2275 1342 2319 vero
1361 2252 1449 2336 quod

281 2354 324 2418 ad
357 2358 461 2419 lotum
496 2355 739 2438 inscriptionum
772 2375 889 2436 corpus
922 2355 1190 2436 perscrutandum
1223 2360 1351 2435 tempus
1383 2370 1450 2414 non

280 2453 481 2534 suppetebat.
524 2455 581 2518 Sat
603 2453 740 2518 multum
762 2454 847 2518 enim
867 2454 1019 2534 temporis
1042 2453 1224 2534 laborisque
1247 2453 1278 2515 in
1301 2450 1449 2514 codicum

280 2551 501 2633 antiquiorum
525 2552 690 2633 scripturis
711 2553 909 2617 excutiendis
931 2552 1124 2633 consumpsi.

362 2675 477 2754 Itaque
508 2672 590 2736 haec
620 2692 726 2754 pauca
758 2694 842 2757 quae
872 2679 1051 2757 sequuntur
1088 2673 1270 2738 sufficiant:
1304 2669 1451 2733 videmus

281 2773 366 2837 enim
388 2773 469 2837 haec
492 2773 611 2855 scripta
634 2773 666 2837 in

282 2894 446 2977 epistul.
469 2895 721 2976 praelector.
744 2901 948 2979 praetor,
979 2917 1065 2960 anno
1089 2897 1148 2959 168
1174 2915 1206 2976 p.
1228 2893 1302 2958 Chr.
1325 2892 1450 2973 script:

344 2991 411 3057 CIL
433 2994 453 3057 9
477 3012 507 3056 n.
528 2993 619 3070 9438,
643 3014 672 3057 v.
694 2995 733 3058 l:
759 3015 828 3058 cum
850 2995 1014 3080 hisquae
1036 2995 1145 3057 iuncta
1167 2999 1275 3068 erout;

283 3091 315 3155 in
343 3091 580 3158 Donatione
609 3093 774 3158 Statiae
796 3096 956 3158 Irenes:
991 3091 1451 3172 Clhu,r,1363,n.1orlt,

343 3209 374 3252 v.
395 3190 453 3255 20:
476 3190 515 3254 ab
538 3190 765 3255 tisamenus
786 3193 830 3256 ud
852 3214 928 3278 quos
951 3215 986 3256 eu
1009 3212 1060 3256 res
1082 3191 1264 3271 pertinebit3

282 3286 315 3350 in
346 3286 493 3352 Edicto
522 3288 800 3354 Diocletiani:
832 3291 899 3355 CIL
922 3293 951 3368 3,
968 3293 1024 3355 801
1050 3311 1119 3373 sqq.
1151 3290 1285 3369 (Dessau
1312 3307 1343 3350 n.
1366 3285 1451 3364 ote),

344 3404 368 3448 s
392 3386 432 3462 ll,
446 3385 500 3449 ll:
522 3387 557 3450 io
578 3387 643 3452 tris
663 3389 738 3452 locis
758 3386 850 3468 ueta)

365 3507 465 3573 Multo
489 3511 618 3593 saepius
648 3517 756 3576 autem
782 3513 842 3576 hoc
871 3512 967 3576 modo
997 3513 1028 3575 in
1059 3511 1152 3576 codd.
1179 3529 1254 3573 mss,
1283 3508 1333 3572 lu's
1360 3511 1391 3571 et
1417 3506 1453 3569 hi

284 3612 489 3690 usurpantur.
544 3608 639 3687 Quod
667 3629 730 3673 non
760 3611 891 3675 meliore
917 3616 973 3674 aut
1004 3610 1177 3674 vetustiore
1206 3607 1352 3689 exemplo
1382 3606 1452 3668 illu·

283 3705 377 3770 strari
394 3711 499 3787 potest
521 3726 620 3788 quam
642 3707 713 3771 hoc.
751 3710 788 3772 ln
811 3709 1018 3790 palimpsesto
1042 3707 1270 3771 Veronensi
1291 3725 1356 3787 quo
1378 3704 1452 3769 Gai

284 3802 499 3868 institutiones
531 3806 625 3870 nobis
651 3807 790 3872 traditae
821 3811 896 3871 sunt
924 3807 1046 3870 formae
1078 3805 1149 3868 illae
1181 3803 1453 3868 demonstrativae

284 3900 372 3965 nullo
401 3901 497 3966 modo
527 3903 697 3969 distinctae
727 3910 819 3969 sunt:
854 3904 998 3968 conteras
1026 3923 1110 3986 quae
1139 3903 1454 3968 Studemundus

285 3998 318 4061 in
346 4000 527 4081 apographi
558 4000 661 4065 indice
690 4001 940 4084 orthographiae
968 4002 1010 4083 (p.
1039 4002 1111 4080 390)
1142 4001 1311 4082 collegerit.
1370 4000 1454 4064 Dicit

357 4186 382 4250 l)
402 4185 476 4248 Quae
494 4185 522 4238 in
542 4187 637 4242 eodem
656 4186 819 4250 edicto11,5
838 4188 967 4258 legimus:
987 4192 1042 4242 his
1060 4191 1182 4242 omnibus
1200 4205 1265 4256 quoa
1283 4204 1368 4255 supro
1384 4203 1453 4238 corn-

283 4272 416 4340 prehenso
432 4280 495 4327 aaut
514 4273 641 4328 videntur
657 4274 767 4330 defendi
785 4293 871 4346 posse.
