3238 4994
793 447 975 509 „8-

371 624 473 688 Plini
491 623 564 688 Nat.
580 623 653 687 hist.
669 622 809 704 primum
826 625 1026 707 potissimum
1044 624 1171 702 librum,
1191 625 1265 688 edil.
1283 623 1458 690 Deileisen:

290 750 321 812 p.
344 731 393 808 99,
404 731 461 795 9οτ
485 729 533 793 De
553 729 717 810 hisquae
739 733 865 794 lcrliam
887 738 1038 795 naturane
1058 731 1171 794 labent
1193 733 1390 797 animalium.

290 851 321 912 p.
343 831 393 906 99,
406 831 464 894 93;
487 828 539 894 Dc
562 829 603 892 uu·
610 849 626 893 s
649 850 728 914 quae
748 832 856 894 silicea
879 839 959 895 lesia
980 831 1160 895 cluduntur.

290 950 321 1012 p.
345 931 465 1006 30,14:
489 928 624 993 Deliis
644 951 724 1014 quac
745 950 841 994 uncos
862 932 979 1015 unquis
1001 931 1122 1002 liabent.

291 1050 322 1111 p.
346 1030 465 1106 30,15:
488 1027 540 1094 Dc
562 1029 629 1093 lis
651 1049 732 1110 quae
754 1030 868 1114 dipilos
889 1030 1013 1094 labeni.

291 1150 322 1211 p.
346 1129 395 1206 39,
410 1128 467 1192 96ε
490 1127 539 1196 De
561 1128 626 1191 lis
648 1129 841 1192 animalibus
869 1151 949 1214 quae
978 1150 1015 1193 cn
1035 1131 1119 1213 lipno
1142 1137 1198 1194 aul
1219 1132 1254 1194 in
1276 1132 1362 1212 lipno
1383 1151 1459 1195 uas·

353 1235 476 1293 cuntur.
1143 1242 1146 1247 ·

291 1349 323 1411 p.
345 1329 444 1405 44,4;
472 1377 498 1391 ..
517 1347 554 1390 en
576 1326 618 1389 lui
626 1347 642 1390 s
665 1329 799 1412 quaein
821 1327 920 1390 loriis
941 1328 1129 1406 seruntur.¹)

374 1452 437 1539 Sed
464 1451 548 1515 enim
573 1452 638 1515 iam
660 1451 748 1533 apud
769 1451 953 1515 Cornelium
974 1441 1137 1516 Celsum
1161 1452 1207 1515 De
1230 1450 1387 1514 medicina
1410 1451 1458 1515 ed.

292 1552 531 1632 Darembergi0‚
553 1553 629 1615 item
653 1550 740 1633 apud
763 1550 975 1614 Valerium
997 1551 1218 1614 Maximum
1241 1551 1291 1614 ed.
1312 1551 1459 1634 Kempfio

291 1651 378 1715 locos
399 1671 531 1733 prorsus
551 1651 694 1714 similiter
716 1651 933 1715 conformatos
954 1651 1089 1714 inveniri
1111 1671 1266 1715 memora

377 1751 471 1814 Adde
493 1771 533 1814 ex
550 1751 775 1832 Augustini
797 1752 837 1815 de
857 1751 987 1815 civitaie
1009 1751 1059 1816 dei
1082 1751 1170 1815 libris
1199 1771 1219 1815 a
1247 1752 1282 1816 B.
1305 1751 1461 1814 Dombarl

294 1851 386 1914 editis
408 1852 467 1914 hos
488 1851 594 1914 locos:

293 1957 354 2022 vol.
379 1958 388 2020 Ι
412 1978 444 2040 p.
467 1957 516 2034 36,
528 1956 569 2020 99
591 1954 616 2036 (Ι
637 1954 708 2037 96);
730 1954 781 2019 De
802 1956 866 2020 leis
888 1977 968 2040 quac
987 1955 1059 2036 fieri
1080 1975 1144 2020 non
1166 1956 1267 2019 liccui.

292 2058 354 2120 vol.
378 2058 390 2120 1
411 2077 442 2138 p.
459 2057 540 2134 48,7
560 2054 663 2136 (unz
688 2053 738 2119 De
752 2055 812 2118 lis
828 2076 909 2136 qnae
922 2057 1026 2139 priua
1044 2056 1201 2119 uolumine
1217 2056 1363 2136 expedita
1377 2062 1459 2118 sunl.

293 2157 354 2219 vol.
378 2156 389 2219 1
411 2177 441 2239 p.
467 2157 534 2232 198,
547 2156 604 2218 9οῑ
629 2154 679 2219 De
699 2155 740 2218 lei
748 2175 764 2218 s
786 2177 866 2240 quac
886 2157 992 2240 prirno
1014 2156 1171 2219 columine
1192 2153 1356 2238 disputata
1378 2162 1460 2233 sunl,

356 2261 415 2320 eie.
439 2259 514 2320 ela:
538 2255 575 2319 ei.
599 2255 695 2318 voli
720 2256 789 2331 199,
802 2256 851 2318 98.
877 2255 944 2331 144,
958 2256 986 2319 6.
1013 2256 1143 2332 177,19.
1169 2255 1238 2326 195,
1250 2254 1299 2318 99.
1329 2255 1460 2331 914,17.

357 2356 427 2430 390,
438 2356 486 2418 94.
503 2355 573 2431 377,
588 2355 634 2418 17.
652 2355 723 2430 434,
734 2355 782 2418 98.
800 2355 871 2431 468,
880 2355 909 2416 4.
924 2356 995 2432 458,
1005 2354 1054 2417 99.
1072 2355 1189 2431 496,0;
1210 2354 1270 2416 vol.
1288 2355 1461 2432 11139,Ῑο

358 2456 426 2531 158,
439 2455 488 2518 98.
520 2455 587 2531 163,
600 2453 650 2517 90.
682 2455 811 2528 17513.
848 2455 914 2528 183,
927 2453 976 2516 94.
1011 2455 1141 2531 19018.
1173 2454 1303 2530 198,11.
1328 2453 1460 2529 90519.

357 2554 487 2630 909,10.
505 2554 574 2630 909,
590 2554 636 2616 11.
656 2554 726 2629 991,
737 2554 786 2617 98.
805 2553 875 2630 954,
891 2555 935 2617 19.
953 2555 1082 2631 357,16.
1098 2554 1169 2630 456,
1180 2553 1209 2616 9.
1227 2553 1298 2630 457,
1308 2555 1336 2616 9.
1351 2553 1422 2631 459,
1431 2554 1460 2616 8.

355 2655 427 2727 459,
440 2653 490 2717 99.
511 2655 583 2729 450,
596 2653 624 2716 7.
646 2654 719 2729 401,
731 2653 759 2716 9.
782 2651 915 2728 53919.

377 2777 534 2842 Omnibus
553 2776 603 2840 his
622 2777 699 2840 locis
714 2776 764 2840 lis
781 2781 856 2840 anie
868 2775 1038 2839 relativum
1050 2776 1206 2840 tradilum
1224 2774 1460 2857 approbaturr)

294 2877 399 2940 Etiam
420 2877 454 2940 hi
476 2896 701 2958 nonnusquam
725 2880 801 2940 ante
822 2876 991 2940 relativum
1014 2876 1137 2940 inveni:

294 2983 307 3046 I
330 2984 432 3060 355‚5
454 2982 504 3064 (X,
520 2982 567 3063 1):
589 2981 632 3044 lci
652 3002 729 3066 quos
749 3030 777 3045 ..
797 2982 941 3046 colendos
962 2990 1086 3062 pulani.

294 3083 320 3145 Il
341 3083 412 3156 469,
423 3083 480 3146 9οε
501 3082 556 3145 An
576 3081 618 3144 lei
639 3083 694 3166 qui
715 3116 755 3125 -
777 3082 821 3145 aol
842 3081 989 3146 haereses
1011 3084 1209 3179 iransiernul
1231 3083 1277 3144 uel
1298 3079 1339 3142 lci
1358 3080 1413 3164 qni
1433 3128 1458 3141 ..

357 3182 524 3246 criminose
547 3183 645 3244 uivere
661 3182 878 3265 perstiterunt.

377 3304 521 3386 Denique
550 3303 582 3366 in
604 3304 824 3368 Benedicti
847 3302 1007 3384 Regula
1037 3301 1088 3364 his
1115 3305 1190 3365 anie
1214 3301 1382 3366 relativum
1413 3301 1462 3364 in-

294 3403 421 3467 venilur
450 3403 527 3467 locis
557 3403 612 3484 qni
644 3407 822 3484 sequuntur
859 3403 1010 3484 (paginae
1046 3405 1120 3465 sunt
1151 3400 1299 3464 editionis
1330 3401 1462 3465 Woelff-

365 3574 390 3638 1)
410 3576 451 3628 Iis
469 3574 498 3627 in
517 3574 570 3628 hoc
587 3573 657 3627 libro
676 3578 742 3630 onie
761 3576 907 3630 relativum
926 3592 983 3629 non
1002 3575 1108 3645 saepius
1126 3592 1209 3643 quam
1228 3575 1311 3629 semel
1328 3574 1462 3644 scriplum

296 3658 366 3713 vidi:
385 3660 419 3715 cf.
439 3660 480 3723 69,
492 3661 539 3714 3οτ
559 3663 590 3714 dc
608 3663 657 3713 iis
675 3663 771 3730 quibus
789 3665 819 3714 in
837 3681 907 3731 aaran
925 3671 949 3716 el
967 3665 997 3714 in
1017 3671 1094 3716 terra
1112 3665 1197 3714 cirico
1215 3669 1261 3714 esl.

364 3745 390 3806 91
411 3745 545 3808 Celerum,
565 3748 603 3798 eis
622 3749 687 3800 anie
706 3747 849 3801 relativum
869 3747 1001 3817 scripturn
1021 3765 1076 3802 non
1095 3746 1177 3800 deest.
1215 3745 1269 3800 Gi:

295 3831 306 3883 I
325 3850 352 3900 p.
372 3831 430 3893 124,
441 3831 488 3883 29:
507 3834 559 3884 eis
577 3834 698 3885 cladibus
718 3852 785 3902 quas
803 3836 920 3887 Bouiani
938 3841 1103 3902 acceperuut.

297 3916 320 3969 ΙΙ
339 3935 365 3985 p.
384 3918 426 3980 97,
438 3916 484 3969 13:
505 3957 529 3970 ..
545 3919 596 3970 cis
614 3921 661 3988 qui
679 3922 781 3972 dilucio
797 3921 930 3986 perdendi
948 3927 1032 3973 crant.

295 4000 321 4053 ΙΙ
340 4021 366 4070 p.
386 4003 444 4064 214,
456 4002 503 4056 18:
524 4043 548 4057 ..
564 4006 594 4057 iu
618 4008 668 4056 cis
692 4006 786 4070 libris,
812 4008 859 4073 qui
876 4008 989 4074 scriptis
1007 4007 1095 4072 ipsius
1118 4006 1282 4071 copulantur
1304 4006 1344 4057 uel
1362 4006 1393 4057 iu
1411 4007 1463 4056 eis

347 4105 412 4156 quos
430 4092 520 4158 ipsius
539 4107 594 4142 esse
612 4106 665 4142 nort
684 4092 795 4143 dubium
812 4099 856 4144 est.

296 4173 322 4225 II
340 4193 366 4242 p.
385 4175 502 4238 459,22:
523 4177 563 4228 De
581 4177 638 4227 his
655 4177 702 4244 qui
719 4194 773 4228 non
786 4179 909 4230 omnibus
927 4181 974 4231 sed
990 4181 1041 4231 eis
1060 4185 1165 4231 tantum
1177 4181 1224 4246 qui
1236 4179 1311 4245 apud
1320 4179 1463 4230 catholicas

347 4268 411 4312 sunl
428 4263 519 4314 renati
597 4261 791 4326 indulpeuliam
807 4264 981 4330 pollicentur.
