3238 4994
840 463 1044 526 „54-

352 642 454 706 solum
479 641 547 722 ipsa
570 661 605 705 re
628 642 892 718 commendatur,
922 642 978 706 sed
1008 641 1106 705 etiam
1138 641 1181 704 eis
1214 658 1299 720 quae
1331 638 1371 701 de
1403 638 1531 700 ratione

353 763 418 825 qua
439 742 490 806 his
506 745 539 805 et
555 743 598 805 eis
613 741 696 806 inter
718 762 751 806 se
768 742 994 823 disiunguntur
1017 741 1259 805 observavimus
1273 739 1393 820 optime
1413 737 1530 801 contir-
1584 795 1585 806 ,

353 847 469 908 matur.
502 843 571 906 lam
590 843 675 924 leges
691 863 871 924 proponam
890 843 1067 907 seeundum
1090 862 1171 924 quas
1191 841 1223 904 in
1239 841 1388 904 omnibus
1403 839 1531 920 seriptis

358 943 445 1008 libris
478 963 559 1026 quos
590 943 741 1022 adhibui,
771 948 845 1008 utra
874 945 977 1008 forma
1008 943 1197 1024 usurpanda
1229 942 1285 1018 sit,
1318 941 1530 1004 diiudicatur:

354 1045 464 1126 Solet
484 1044 587 1108 enim
604 1044 685 1122 lale,
701 1064 779 1108 non
796 1047 851 1108 eis
872 1045 1012 1108 scribi:
1037 1047 1065 1119 1)
1082 1044 1112 1107 si
1134 1061 1355 1125 pronomen
1379 1042 1428 1105 ad
1451 1061 1531 1104 rem

353 1133 618 1228 praesentem
652 1145 737 1210 sive
771 1150 866 1209 ante
898 1145 1040 1209 oeulos
1075 1147 1305 1208 versantem
1335 1142 1531 1223 pertinet,

354 1244 387 1326 0)
415 1246 448 1308 si
477 1245 515 1308 in
548 1246 851 1311 enuntiationis
880 1247 1001 1309 initio
1030 1245 1207 1327 ponitur.

439 1345 531 1425 Quae
555 1347 639 1410 duae
661 1347 746 1428 leges
767 1347 820 1410 vix
847 1347 1111 1428 interpretatione
1128 1345 1280 1426 indigent,
1305 1345 1425 1427 quippe
1450 1363 1533 1425 qnae

356 1446 454 1511 etiam
464 1447 497 1510 in
512 1450 690 1512 ceterarum
705 1447 881 1512 formarum
895 1446 1164 1529 pronominalium
1177 1466 1237 1509 usu
1248 1446 1387 1509 exerceri
1398 1444 1532 1508 soleant.

439 1547 572 1612 Ceterae
587 1552 696 1612 autem
713 1568 816 1612 novae
832 1553 922 1624 sunt;
949 1568 1024 1611 nam
1047 1549 1105 1615 eis
1127 1549 1249 1611 etiam
1270 1547 1532 1627 repudiatur:

358 1647 390 1730 3)
419 1649 451 1712 si
479 1668 701 1730 pronomen
731 1669 817 1713 eum
846 1649 1109 1714 substantivo
1134 1648 1416 1728 coniungitur,
1448 1647 1481 1727 4)
1503 1646 1533 1709 si

358 1749 409 1812 ad
430 1748 691 1813 enuntiatum
714 1750 938 1814 relativum
961 1753 1139 1830 spectat,
1165 1768 1248 1830 quae
1270 1749 1393 1831 reliquo
1416 1749 1532 1812 horum

358 1850 587 1930 pronominum
610 1850 682 1914 usui
704 1854 789 1913 certe
811 1870 877 1913 non
899 1851 1103 1931 respondent.

440 1951 510 2014 Iam
534 1969 610 2014 vero
632 1949 694 2013 hae
717 1950 802 2031 leges
823 1951 902 2014 satis
922 1951 1089 2031 diligenter
1111 1950 1251 2013 inlibris
1273 1948 1431 2013 coluntur.
1474 1949 1534 2011 Er·

359 2049 466 2132 empla
495 2050 521 2113 si
549 2071 729 2132 proponere
758 2051 889 2130 vellem,
920 2072 1036 2115 manus
1063 2071 1129 2114 non
1156 2051 1338 2116 sufficerent
1367 2049 1410 2114 ad
1432 2053 1535 2113 trans-

360 2141 580 2214 scribendum
626 2152 740 2234 Itaque
760 2172 814 2216 eos
835 2153 942 2235 potius
970 2172 1091 2234 paucos
1112 2151 1199 2215 locos
1218 2150 1379 2232 proferam
1401 2150 1460 2213 ubi
1483 2169 1534 2212 eas

360 2251 522 2332 neglectas
544 2251 687 2316 viderim.

442 2351 500 2414 His
540 2351 637 2432 igitur
669 2354 932 2433 Digestorum
973 2352 1049 2416 loeis
1082 2356 1179 2416 ante
1217 2351 1443 2415 relativum
1478 2350 1534 2414 eis

363 2450 518 2533 seriptmn
536 2456 600 2516 est:
626 2454 704 2530 159,
719 2455 775 2529 10;
799 2456 813 2518 Ι
832 2454 901 2531 047,
914 2456 951 2529 9;
974 2453 1146 2530 1090,30;
1169 2454 1184 2516 Ι
1205 2452 1275 2530 305,
1290 2453 1343 2526 10;
1367 2452 1470 2528 1330,
1483 2450 1535 2523 aa

362 2552 377 2614 Ι
403 2552 473 2629 648,
486 2551 542 2631 01;
573 2554 588 2616 Ι
619 2554 756 2630 755,13;
787 2555 962 2632 Ι756,10;
991 2554 1152 2630 185010
1183 2551 1252 2633 leis]
1282 2552 1320 2614 F¹
1349 2551 1400 2614 lis
1422 2551 1493 2631 F²);
1523 2551 1535 2612 Ι

362 2653 465 2729 8905
489 2650 557 2734 leis]
581 2673 629 2716 eos
651 2652 721 2734 F¹);
745 2655 772 2717 ll
794 2655 909 2731 08,10;
934 2655 965 2717 ΙΙ
984 2653 1117 2730 maan
1141 2655 1172 2717 ΙΙ
1193 2653 1329 2730 140,00;
1352 2653 1383 2715 ΙΙ
1400 2653 1471 2728 145,
1485 2651 1535 2722 17;

363 2752 394 2815 ΙΙ
415 2752 484 2830 000,
496 2753 554 2834 41,
585 2755 615 2819 ΙΙ
638 2754 709 2832 058,
722 2754 759 2817 al
786 2753 873 2835 (e‘t'is
893 2754 962 2834 F2);
983 2756 1014 2818 ΙΙ
1032 2755 1171 2831 305,00;
1202 2754 1233 2816 ΙΙ
1249 2753 1352 2830 laea
1376 2752 1453 2832 (eds‘
1470 2751 1534 2830 ΙΙ),

363 2852 393 2915 ΙΙ
425 2853 494 2932 775,
507 2854 563 2930 343
597 2857 628 2919 ΙΙ
657 2855 797 2932 eman
830 2857 861 2919 ΙΙ
888 2856 1027 2932 elau&
1061 2856 1092 2918 ΙΙ
1121 2854 1263 2934 901,10;
1296 2855 1327 2917 ΙΙ
1356 2854 1477 2930 909,6;
1508 2850 1535 2913 ll

364 2953 483 3030 909‚7;
516 2955 547 3018 H
576 2956 713 3032 910,14;
745 2957 777 3020 ΙΙ
806 2957 924 3034 017,4;
959 2957 990 3019 ΙΙ
1017 2956 1133 3033 amn
1166 2956 1198 3018 ΙΙ
1221 2955 1340 3031 049,5;
1374 2955 1405 3018 ΙΙ
1436 2952 1535 3028 elea

365 3049 441 3133 (e'ls
463 3053 523 3136 El).

448 3155 535 3218 Inter
564 3155 624 3219 hos
653 3155 739 3220 locos
768 3155 912 3222 nonnulli
943 3176 981 3219 eo
1010 3157 1113 3236 magis
1131 3155 1310 3220 ‘offensioni
1341 3157 1417 3218 sunt
1452 3151 1535 3234 qnod

364 3273 544 3336 pronomen
565 3256 689 3321 simul
711 3256 809 3321 etiam
836 3276 923 3320 cum
946 3258 1219 3321 substantivo
1249 3256 1457 3319 coniunctum
1480 3256 1534 3316 est.

366 3355 446 3418 Sunt
470 3357 555 3419 enim
577 3355 628 3420 hi:
657 3359 688 3421 ΙΙ
712 3358 847 3435 Ι45,17;
872 3359 903 3421 ΙΙ
924 3358 994 3436 901,
1010 3359 1065 3433 10;
1095 3359 1127 3422 ΙΙ
1149 3358 1288 3436 910,14;
1312 3359 1342 3421 ΙΙ
1364 3357 1482 3434 000,1;
1507 3352 1535 3414 ΙΙ

366 3456 436 3532 949,
447 3457 475 3520 5.
510 3457 682 3521 Praeterea
700 3459 745 3522 eis
766 3477 852 3522 eum
874 3458 1145 3522 substantivo
1164 3458 1373 3523 coniunctum
1392 3457 1534 3519 videmus

366 3556 436 3638 mg.
461 3559 477 3621 1
500 3559 570 3638 583,
587 3559 623 3622 18
645 3561 688 3622 eis
709 3561 911 3623 servitutibus
932 3560 957 3623 F
979 3559 1048 3640 (sed
1070 3559 1155 3622 PVU
1177 3558 1277 3640 leis).¹)

450 3660 563 3741 Itaque
591 3654 625 3722 hi
655 3660 785 3742 quidem
816 3661 877 3724 loci
908 3680 980 3724 cum
1011 3660 1133 3742 legibus
1162 3680 1243 3741 quas
1261 3661 1432 3724 statuimus
1460 3674 1534 3720 sane

367 3763 500 3824 certant.
555 3760 618 3824 Sed
646 3761 735 3825 haud
765 3779 839 3824 raro
862 3761 953 3825 facile
976 3765 1023 3824 est
1046 3761 1089 3825 ad
1110 3761 1386 3843 perspiciendum,
1419 3777 1482 3841 qua
1502 3774 1533 3818 re

440 3955 465 4022 l)
484 3955 547 4008 Non
565 3956 619 4011 hue
642 3958 780 4027 pertinere
806 3959 914 4012 videtur
938 3960 962 4012 ll
981 3958 1040 4022 860,
1051 3959 1084 4012 39
1102 3957 1150 4011 ubi
1171 3974 1221 4027 pro
1240 3961 1390 4026 insulaque
1415 3960 1452 4010 eie
1475 3968 1530 4006 cum

367 4043 537 4096 Mommseno
556 4047 706 4113 insulisque
725 4048 781 4100 eiua
799 4046 1021 4100 substituendum
1040 4063 1096 4100 esse
1115 4045 1344 4100 verisimillimum
1363 4048 1412 4098 est.
1454 4039 1491 4095 Cf·
1508 4037 1529 4088 ll

368 4130 426 4192 883,
437 4129 471 4184 33
506 4126 581 4183 ei'u's
611 4132 645 4184 F*
675 4132 797 4200 aliosque
830 4132 902 4186 locos
931 4133 1028 4201 quibus
1055 4133 1128 4188 idem
1156 4131 1290 4187 scribendi
1315 4149 1389 4186 error
1415 4122 1527 4184 occurrit·

367 4217 408 4271 De
426 4217 521 4271 ceteris
539 4218 634 4272 fonnis
652 4219 790 4274 inusitatis
816 4238 877 4274 eum
903 4221 1054 4275 enuntiatis
1081 4221 1203 4275 relativis
1230 4219 1381 4276 coniunctis
1398 4219 1432 4273 cf.
1459 4211 1531 4268 huius

368 4304 562 4374 disputationis
580 4325 606 4376 p.
626 4307 667 4362 28.
